@Article{CountrJssArticle,
    title = {Flexible Regression Models for Count Data Based on Renewal Processes: The {Countr} Package},
    author = {Tarak Kharrat and Georgi N. Boshnakov and Ian McHale and Rose Baker},
    journal = {Journal of Statistical Software},
    year = {2019},
    volume = {90},
    number = {13},
    pages = {1--35},
    doi = {10.18637/jss.v090.i13},
}
  
@Article{TarakEtAl2018jss,
    title = {Flexible regression models for count data based on renewal processes: the Countr package},
    author = {Tarak Kharrat and Georgi N. Boshnakov and McHale, Ian G and Baker, Rose},
    journal = {Journal of Statistical Software (to appear)},
    year = {2018},
}

@article{winkelmann1995duration,
  title={Duration dependence and dispersion in count-data models},
  author={Winkelmann, Rainer},
  journal={Journal of Business \& Economic Statistics},
  volume={13},
  number={4},
  pages={467--474},
  year={1995},
  publisher={Taylor \& Francis}
}

@article{mcshane2008count,
  title={Count models based on Weibull interarrival times},
  author={McShane, Blake and Adrian, Moshe and Bradlow, Eric T and Fader, Peter S},
  journal={Journal of Business \& Economic Statistics},
  volume={26},
  number={3},
  pages={369--378},
  year={2008},
  publisher={Taylor \& Francis}
}

@article{baker2017event,
  title={Event count distributions from renewal processes: fast computation},
  author={Baker, Rose and Kharrat, Tarak},
  journal={IMA Journal of Management Mathematics},
  year={2017},
  publisher={Oxford University Press}
}

@book{cameron2013regression,
  title={Regression analysis of count data},
  author={Cameron, A Colin and Trivedi, Pravin K},
  volume={53},
  year={2013},
  publisher={Cambridge university press}
}

@article{boshnakov2017bivariate,
  title={A bivariate Weibull count model for forecasting association football scores},
  author={Boshnakov, Georgi and Kharrat, Tarak and McHale, Ian G},
  journal={International Journal of Forecasting},
  volume={33},
  number={2},
  pages={458--466},
  year={2017},
  publisher={Elsevier}
}
















@Article{kharrat2017vigperf,
  title = {Comparing performance of computational methods},
  author = {Tarak Kharrat and Georgi N. Boshnakov},
  journal = {URL https://CRAN.R-Project.org/package=Countr. Vignette included in R package Countr, version 3.4.1},
  year = {2017},
  publisher = {CRAN},
  url = {https://CRAN.R-Project.org/package=Countr},
}

@Article{kharrat2017vigvarcovar,
  title = {Computation of variance-covariance matrix},
  author = {Tarak Kharrat and Georgi N. Boshnakov},
  journal = {URL https://CRAN.R-Project.org/package=Countr. Vignette included in R package Countr, version 3.4.1},
  year = {2017},
  publisher = {CRAN},
  url = {https://CRAN.R-Project.org/package=Countr},
}

@Article{kharrat2017vigfertility,
  title = {Example with fertility data},
  author = {Tarak Kharrat and Georgi N. Boshnakov},
  journal = {URL https://CRAN.R-Project.org/package=Countr. Vignette included in R package Countr, version 3.4.1},
  year = {2017},
  publisher = {CRAN},
  url = {https://CRAN.R-Project.org/package=Countr},
}

@Article{kharrat2017vigfootball,
  title = {Example with football data},
  author = {Tarak Kharrat and Georgi N. Boshnakov},
  journal = {URL https://CRAN.R-Project.org/package=Countr. Vignette included in R package Countr, version 3.4.1},
  year = {2017},
  publisher = {CRAN},
  url = {https://CRAN.R-Project.org/package=Countr},
}

@Article{kharrat2017vigquine,
  title = {Example with quine data},
  author = {Tarak Kharrat and Georgi N. Boshnakov},
  journal = {URL https://CRAN.R-Project.org/package=Countr. Vignette included in R package Countr, version 3.4.1},
  year = {2017},
  publisher = {CRAN},
  url = {https://CRAN.R-Project.org/package=Countr},
}

@Article{kharrat2017vigguide,
  title = {Guide for package Countr},
  author = {Tarak Kharrat and Georgi N. Boshnakov},
  journal = {URL https://CRAN.R-Project.org/package=Countr. Vignette included in R package Countr, version 3.4.1},
  year = {2017},
  publisher = {CRAN},
  url = {https://CRAN.R-Project.org/package=Countr},
}

