@STRING{Ev = {Evolution}}
@STRING{SZ = {Systematic Zoology}}
@STRING{ny = {New York}}

@book{Cliff1973,
 Author = {Cliff, A. D. and Ord, J. K.},
 Title = {{Spatial Autocorrelation}},
 Publisher = {Pion},
 Address = {London},
 Year = 1973}

@incollection{Cliff1981,
 Author = {Cliff, A. D. and Ord, J. K.},
 Title = {{Spatial and temporal analysis: autocorrelation in space and time}},
 BookTitle = {{Quantitative Geography: A British View}},
 Editor = {Wrigley, E. N. and Bennett, R. J.},
 Publisher = {Routledge \& Kegan Paul},
 Address = {London},
 Pages = {104-110},
 Year = 1981}

@article{Cheverud1985,
 Author = {Cheverud, J. M. and Dow, M. M. and Leutenegger, W.},
 Title = {{The quantitative assessment of phylogenetic constraints in comparative analyses: sexual dimorphism in body weight among primates}},
 Journal = Ev,
 Volume = {39},
 Pages = {1335-1351},
 Year = 1985}

@article{Gittleman1990,
 Author = {Gittleman, J. L. and Kot, M.},
 Title = {{Adaptation: statistics and a null model for estimating phylogenetic effects}},
 Journal = SZ,
 Volume = {39},
 Pages = {227-241},
 Year = 1990}

@article{Moran1950,
 Author = {Moran, P. A. P.},
 Title = {{Notes on continuous stochastic phenomena}},
 Journal = {Biometrika},
 Volume = {37},
 Pages = {17-23},
 Year = 1950}

@book{Paradis2006,
 Author = {Paradis, E.},
 Title = {{Analysis of Phylogenetics and Evolution with R}},
 Publisher = {Springer},
 Address = ny,
 Year = 2006}
