@Article{hoj:12,
    title = {Graphical Independence Networks with the {gRain} Package for {R}},
    author = {S{\o}ren H{\o}jsgaard},
    journal = {Journal of Statistical Software},
    year = {2012},
    volume = {46},
    number = {10},
    pages = {1--26},
    url = {http://www.jstatsoft.org/v46/i10/},
  }

@book{hoj:edw:lau:12,
title = "Graphical Models with R",
author = "S{\o}ren H{\o}jsgaard and David Edwards and Lauritzen, {Steffen L.}",
year = "2012",
isbn = "978-1-4614-2299-0",
publisher = "Springer",

}

@ARTICLE{lau/spieg:88,
  author = {Steffen L. Lauritzen and David Spiegelhalter},
  title = {Local Computations with Probabilities on Graphical Structures and
	their Application to Expert Systems},
  journal = {J. Roy. Stat. Soc. Ser. B},
  year = {1988},
  volume = {50},
  pages = {157--224},
  number = {2}
}
