@misc{wikipedia2019,
    author = "{Wikipedia contributors}",
    title = "Free group --- {Wikipedia}{,} The Free Encyclopedia",
    year = "2019",
    howpublished = "\url{https://en.wikipedia.org/w/index.php?title=Free_group&oldid=882627634}",
    note = "[Online; accessed 21-February-2019]"
  }

@manual{sagemath2019,
  Key          = {SageMath},
  Author       = {{The Sage Developers}},
  Title        = {{S}ageMath, the {S}age {M}athematics {S}oftware {S}ystem ({V}ersion 8.6)},
  url          = "https://www.sagemath.org",
  Year         = {2019}
}

@article{sympy2017,
 title = {SymPy: symbolic computing in Python},
 author = {Meurer, Aaron and others},
 year = 2017,
 month = jan,
 keywords = {Python, Computer algebra system, Symbolics},
 volume = 3,
 pages = {e103},
 journal = {PeerJ Computer Science},
 issn = {2376-5992},
 url = {https://doi.org/10.7717/peerj-cs.103},
 doi = {10.7717/peerj-cs.103}
}

@Book{snygg2010,
  author =	 {J. Snygg},
 title = 	 {A new approach to differential geometry using {C}lifford's geometric algebra},
  publisher = 	 {Birkh\"{a}user},
  year = 	 {2010}
  }


@Manual{hankin2019,
    title = {stokes: The Exterior Calculus},
    author = {Robin K. S. Hankin},
    year = {2019},
    note = {R package version 1.0-3},
    url = {https://github.com/RobinHankin/stokes.git},
  }

@misc{ablamowicz2012,
    title={Symbolic Computations in Higher Dimensional Clifford Algebras},
    author={Rafal Ab\l{}amowicz and Bertfried Fauser},
    year={2012},
    eprint={1206.3683},
    archivePrefix={arXiv},
    primaryClass={math-ph}
}

@Misc{chisholm2012,
  author =	 {E. Chisholm},
  OPTtitle = 	 {Geometric Algebra},
  year =	 {2012},
  OPTnote = 	 {arXiv:1205.5935v1}
  }


@InBook{dorst2002,
  author =	 {L. Dorst},
  ALTeditor = 	 {L. Dorst and C. Doran and J. Lasenby},
  title = 	 {Applications of geometric algebra in computer science and engineering},
  chapter = 	 {2},
  publisher = 	 {Birkh\"{a}user},
  year = 	 {2002},
  pages =	 {35--46}
  }

