	@Article{grelaud09,
	author = {Grelaud, Aude and Robert, Christian P. and Marin, Jean-Michel and Rodolphe, Fran\c{c}ois and Taly, Jean-Fran\c{c}ois},
	title = {{ABC} likelihood-free methods for model choice in {G}ibbs random fields},
	journal = {Bayesian Analysis},
	year = {2009},
	volume = {4},
	number = {2},
	pages = {317--336},
	publisher = {International Society for Bayesian Analysis},
	}
	
	
	
	@Article{robert11,
	author = {Robert, Christian P. and Cornuet, Jean-Marie and Marin, Jean-Michel and Pillai, Natesh S.}, 
	title = {Lack of confidence in approximate {B}ayesian computation model choice},
	year = {2011},
	volume ={108},
	number = {37},
	pages = {15112--15117},
	journal = {Proceedings of the National Academy of Sciences} ,
	}
	
	@Article{marin14,
	author = {Marin, Jean-Michel and Pillai, Natesh S. and  Robert, Christian P. and Rousseau, Judith},
	title = {Relevant statistics for {B}ayesian model choice},
journal = {Journal of the {R}oyal {S}tatistical {S}ociety: {S}eries {B} ({S}tatistical {M}ethodology)},
	year = {2014},
	volume={76},
	number = {5},
	pages={833--859}
	}
	

	
	@Article{surveyABC,
	year={2012},
	journal={Statistics and Computing},
	volume={22},
	number={6},
	title={{A}pproximate {B}ayesian {C}omputational methods},
	publisher={Springer US},
	author={Marin, Jean-Michel and Pudlo, Pierre and Robert, Christian P. and Ryder, Robin J.},
	pages={1167--1180},
	}
	
	@Article{rubin84,
	ajournal = "Ann. Statist.",
	author = {Rubin, Donald B.},
	title = {{B}ayesianly justifiable and {R}elevant {F}requency {C}alculations for the {A}pplied {S}tatistician},
	journal = {The Annals of Statistics},
	year = {1984},
	volume = {12},
	number = {4},
	pages = {1151--1172},
	publisher = "The Institute of Mathematical Statistics",
	}
	
	@Article{tavare97,
	author = {Tavar{\'e}, Simon and Balding, David J. and Griffiths, Robert C. and Donnelly, Peter},
	title = {Inferring {C}oalescence {T}imes {F}rom {DNA} {S}equence {D}ata},
	journal = {Genetics},
	year = {1997},
	volume = {145},
	number = {2},
	pages = {505--518},
	}
	
	@Article{pritchard99,
	author = {Pritchard, Jonathan K. and Seielstad, Mark T.  and Perez-Lezaun, Anna and Feldman , Marcus W.},
	title = {Population {G}rowth of {H}uman {Y} {C}hromosomes: {A} {S}tudy of {Y} {C}hromosome {M}icrosatellites},
	journal = {Molecular Biology and Evolution},
	year = {1999},
	volume = {16},
	number = {12}, 
	pages = {1791--1798},
	}
	
	@Article{friel2007,
	author = {Friel, Nial and Rue, H\r{a}vard}, 
	title = {Recursive computing and simulation-free inference for general factorizable models},
	volume = {94}, 
	number = {3}, 
	pages = {661--672}, 
	year = {2007}, 
	journal = {Biometrika} 
	}
	
	@Article{reeves2004,
	author = {Reeves, Robert and Pettitt, Anthony N.}, 
	title = {Efficient recursions for general factorisable models},
	volume = {91}, 
	number = {3}, 
	pages = {751--757}, 
	year = {2004}, 
	journal = {Biometrika},
	}
	

	
	@Article{baragatti14,
	author = {Baragatti, Me{\"\i}li and Pudlo, Pierre},
	title = {An overview on approximate {B}ayesian computation},
	journal = {ESAIM: Proc.},
	year = {2014},
	volume = {44},
	pages = {291--299},
	}
	
	@Article{prangle14,
	author = {Prangle, Dennis and Fearnhead, Paul and Cox, Murray P. and Biggs, Patrick J. and French, Niguel P.},
	title = {Semi-automatic selection of summary statistics for {ABC} model choice},
	journal = {Statistical {A}pplications in {G}enetics and {M}olecular {B}iology},
	year = {2014},
	pages = {67--82},
	volume={13},
  number={1},
	}
	

	
	@InCollection{blum2010,
	author = {Blum, Michael G.B.},
	title={{C}hoosing the {S}ummary {S}tatistics and the {A}cceptance {R}ate in {A}pproximate {B}ayesian {C}omputation},
	booktitle={Proceedings of {COMPSTAT}'2010},
	pages={47--56},
	publisher={Springer, {P}hysica-{V}erlag {HD}},
	year={2010},
	isbn={978-3-7908-2603-6},
	}
	
	@article{blum2010nonparam,
	author = {Blum, Michael G. B.},
	title = {{A}pproximate {B}ayesian {C}omputation: {A} {N}onparametric {P}erspective},
	journal = {Journal of the {A}merican {S}tatistical {A}ssociation},
	volume = {105},
	number = {491},
	pages = {1178--1187},
	year = {2010},
	}
	
	@article{blum2013,
	author = {Blum, Michael G. B. and Nunes, Maria Antonieta and Prangle, Dennis and Sisson, Scott A.},
	journal = {Statistical Science},
	number = {2},
	pages = {189--208},
	publisher = {The Institute of Mathematical Statistics},
	title = {A {C}omparative {R}eview of {D}imension {R}eduction {M}ethods in {A}pproximate {B}ayesian {C}omputation},
	volume = {28},
	year = {2013},
	}
	
	@article{didelot2011,
	author = "Didelot, Xavier and Everitt, Richard G. and Johansen, Adam M. and Lawson, Daniel J.",
	journal = "Bayesian Analysis",
	number = "1",
	pages = "49--76",
	publisher = "International Society for Bayesian Analysis",
	title = "Likelihood-free estimation of model evidence",
	volume = "6",
	year = "2011"
	}
	
@inproceedings{frielproc,
 author = {Friel, Nial},
 title = {Bayesian {I}nference for {G}ibbs {R}andom {F}ields {U}sing {C}omposite {L}ikelihoods},
 booktitle = {Proceedings of the Winter Simulation Conference},
 series = {WSC '12},
 year = {2012},
 location = {Berlin, Germany},
 pages = {1--8},
 number = {28},
 publisher = {Winter Simulation Conference}
} 

	
	@article{caimo2013,
	title = "Bayesian model selection for exponential random graph models ",
	journal = "Social Networks ",
	volume = "35",
	number = "1",
	pages = "11 -- 24",
	year = "2013",
	author = "Caimo, Alberto and Friel, Nial"
	}
	
	
	@article{frielevidence,
	author = {Friel, Nial},
	title = {Evidence and {B}ayes {F}actor {E}stimation for {G}ibbs {R}andom {F}ields},
	journal = {Journal of Computational and Graphical Statistics},
	volume = {22},
	number = {3},
	pages = {518--532},
	year = {2013},
	}
	
	@article{cucala13,
	author = {Cucala, Lionel and Marin, Jean-Michel},
	title = {Bayesian {I}nference on a {M}ixture {M}odel {W}ith {S}patial {D}ependence},
	journal = {Journal of Computational and Graphical Statistics},
	volume = {22},
	number = {3},
	pages = {584--597},
	year = {2013},
	}
	
	@article{friel2009,
	author = {Friel, N. and Pettitt, A. N. and Reeves, R. and Wit, E.},
	title = {Bayesian {I}nference in {H}idden {M}arkov {R}andom {F}ields for {B}inary {D}ata {D}efined on {L}arge {L}attices},
	journal = {Journal of Computational and Graphical Statistics},
	volume = {18},
	number = {2},
	pages = {243--261},
	year = {2009},
	}
	
	
	@article {fearnhead12,
	author = {Fearnhead, Paul and Prangle, Dennis},
	title = {Constructing summary statistics for approximate {B}ayesian computation: semi-automatic approximate {B}ayesian computation},
	journal = {Journal of the Royal Statistical Society. Series B (Statistical Methodology)},
	volume = {74},
	number = {3},
	publisher = {Blackwell Publishing Ltd},
	pages = {419--474},
	year = {2012},
	}
	
	@ARTICLE{rabiner89, 
	author={Rabiner, Lawrence R.}, 
	journal={Proceedings of the IEEE}, 
	title={A tutorial on hidden Markov models and selected applications in speech recognition}, 
	year={1989}, 
	volume={77}, 
	number={2}, 
	pages={257--286}, 
	}
	
	
	@Article{biau13,
	author = {Biau, G\'erard and C\'erou, Fr\'ed\'eric and Guyader, Arnaud},
	title = {New insights into {A}pproximate {B}ayesian {C}omputation},
	journal = {Annales de l'Institut Henri Poincar\'e (B) Probabilit\'es et Statistiques, in press},
	year = {2013},
}

@InBook{hastie09,
  added-at = {2010-06-03T15:15:09.000+0200},
  author = {Hastie, Trevor and Tibshirani, Robert and Friedman, Jerome},
  edition = {2nd},
  publisher = {Springer},
  title = {The elements of statistical learning: data mining, inference and prediction},
  year = {2009},
  series={Springer Series in Statistics},
  isbn={9780387848587},
  chapter = {7},
}

@Article{caimo11,
  author = {Caimo, Alberto and Friel, Nial},
  journal = {Social Networks},
  number = 1,
  pages = {41--55},
  title = {Bayesian inference for exponential random graph models.},
  volume = 33,
  year = 2011
}

@Book{winkler03,
  author = {Winkler, Gerhard},
  title = {Image {A}nalysis, {R}andom {F}ields and {M}arkov {C}hain {M}onte {C}arlo {M}ethods: {A} {M}athematical {I}ntroduction},
  publisher = {Springer-Verlag, Berlin Heidelberg},
  year = {2003},
  volume = {27},
  series = {Stochastic Modelling and Applied Probability},
  edition = {2nd},
  isbn = {978-3-642-55760-6},
  }


@Article{moores14,
author = {Moores, Matthew T. and Hargrave, Catriona Elizabeth and Harden, Fiona and Mengersen, Kerrie},
title = {Segmentation of cone-beam {CT} using a hidden {M}arkov random field with informative priors},
journal = {Journal of Physics : Conference Series},
year = {2014},
OPTkey = {?},
volume = {489},
}

@Article{alfo08,
year={2008},
journal={Statistics and Computing},
volume={18},
number={2},
title={A finite mixture model for image segmentation},
publisher={Springer US},
author={Alf\`o, Marco and Nieddu, Luciano and Vicari, Donatella},
pages={137--150},
}

@incollection{hurn03,
year={2003},
booktitle={Spatial Statistics and Computational Methods},
volume={173},
series={Lecture Notes in Statistics},
title={A {T}utorial on {I}mage {A}nalysis},
publisher={Springer New York},
author={Hurn, Merrilee~A. and Husby, Oddvar~K. and Rue, H\r{a}vard},
pages={87--141},
}

@ARTICLE{green02,
    author = {Green, Peter J.  and Richardson, Sylvia},
    title = {Hidden {M}arkov {M}odels and {D}isease {M}apping},
    journal = {Journal of the {A}merican {S}tatistical {A}ssociation},
    year = {2002},
    volume = {97},
    number = {460},
    pages = {1055--1070}
}


@article{francois06,
author = {Fran\c{c}ois, Olivier and Ancelet, Sophie and Guillot, Gilles}, 
title = {Bayesian {C}lustering {U}sing {H}idden {M}arkov {R}andom {F}ields in {S}patial {P}opulation {G}enetics},
volume = {174}, 
number = {2}, 
pages = {805--816}, 
year = {2006}, 
journal = {Genetics} 
}


@article{estoup:etal:2012,
	title   = {Estimation of demo-genetic model probabilities with {A}pproximate {B}ayesian {C}omputation 
	using linear discriminant analysis on summary statistics},
	author  = {Estoup, A. and Lombaert, E. and Marin, J.-M. and Robert, C.P. and Guillemaud, T. 
	and Pudlo, P. and Cornuet, J.-M.},
	year    = {2012},
	journal = {Molecular Ecology Ressources},
	volume  = 12,
	number  = 5, 
	pages   = {846-855}
}



@article{druilhet:marin:2007,
  title={Invariant {HPD} credible sets and {MAP} estimators},
  author={Druilhet, Pierre and Marin, Jean-Michel},
  journal={Bayesian Analysis},
  volume={2},
  number={4},
  pages={681--691},
  year={2007},
  publisher={International Society for Bayesian Analysis}
}

@book{devroye:gyorfi:lugosi:1996,
    author = {Devroye, L. and Gy{\"o}rfi, L. and Lugosi, G.},
     title = {A probabilistic theory of pattern recognition},
    series = {Applications of Mathematics (New York)},
    volume = 31,
 publisher = {Springer-Verlag, New York},
      year = {1996},
     pages = {xvi+636}
}

@article{marjoram:etal:2003,
  title={Markov chain {M}onte {C}arlo without likelihoods},
  author={Marjoram, Paul and Molitor, John and Plagnol, Vincent and Tavar{\'e}, Simon},
  journal={Proceedings of the National Academy of Sciences},
  volume={100},
  number={26},
  pages={15324--15328},
  year={2003},
  publisher={National Acad Sciences}
}

@article{delmoral:doucet:jasra:2009,
  title={An adaptive sequential Monte Carlo method for approximate Bayesian computation},
  author={Del Moral, Pierre and Doucet, Arnaud and Jasra, Ajay},
  journal={Statistics and Computing},
  volume={22},
  number={5},
  pages={1009--1020},
  year={2012},
  publisher={Springer}
}

@article{beaumont2009adaptive,
  title={Adaptive approximate {B}ayesian computation},
  author={Beaumont, Mark A. and Cornuet, Jean-Marie and Marin, Jean-Michel and Robert, Christian P.},
  journal={Biometrika},
  doi = {10.1093/biomet/asp052},
  year={2009},
  publisher={Biometrika Trust}
}

@article{beaumont2002,
  title={Approximate {B}ayesian {C}omputation in {P}opulation {G}enetics},
  author={Beaumont, Mark A and Zhang, Wenyang and Balding, David J},
  journal={Genetics},
  volume={162},
  number={4},
  pages={2025--2035},
  year={2002},
  publisher={Genetics Soc America}
}

@article{moores14preproc,
year={2015},
journal={Statistics and Computing},
volume={25},
number={1},
title={Pre-processing for approximate {B}ayesian computation in image analysis},
publisher={Springer US},
author={Moores, Matthew T. and Drovandi, Christopher C. and Mengersen, Kerrie and Robert, ChristianP.},
pages={23--33},
}




@article{ratmann:etal:2009,
  title={Model criticism based on likelihood-free inference, with an application to protein network evolution},
  author={Ratmann, Oliver and Andrieu, Christophe and Wiuf, Carsten and Richardson, Sylvia},
  journal={Proceedings of the National Academy of Sciences},
  volume={106},
  number={26},
  pages={10576--10581},
  year={2009},
  publisher={National Acad Sciences}
}

@article{mira2001perfect,
  title={Perfect slice samplers},
  author={Mira, Antonietta and M{\o}ller, Jesper and Roberts, Gareth O},
  journal={Journal of the Royal Statistical Society. Series B (Statistical Methodology)},
  volume={63},
  number={3},
  pages={593--606},
  year={2001},
  publisher={Wiley Online Library}
}


@article{schwarz1978,
  title={Estimating the dimension of a model},
  author={Schwarz, Gideon},
  journal={The annals of statistics},
  volume={6},
  number={2},
  pages={461--464},
  year={1978},
  publisher={Institute of Mathematical Statistics}
}

@article{kass1995,
  title={Bayes factors},
  author={Kass, Robert E and Raftery, Adrian E},
  journal={Journal of the american statistical association},
  volume={90},
  number={430},
  pages={773--795},
  year={1995},
  publisher={Taylor \& Francis Group}
}

@article{ji1996,
  title={A consistent model selection procedure for {M}arkov random fields based on penalized pseudolikelihood},
  author={Ji, Chuanshu and Seymour, Lynne},
  journal={The annals of applied probability},
  pages={423--443},
  year={1996},
  publisher={JSTOR}
}

@article{seymour1996,
  title={Approximate {B}ayes model selection procedures for {G}ibbs-{M}arkov random fields},
  author={Seymour, Lynne and Ji, Chuanshu},
  journal={Journal of Statistical Planning and Inference},
  volume={51},
  number={1},
  pages={75--97},
  year={1996},
  publisher={Elsevier}
}

@article{stanford2002,
  title={Approximate {B}ayes factors for image segmentation: {T}he pseudolikelihood information criterion ({PLIC})},
  author={Stanford, Derek C. and Raftery, Adrian E.},
  journal={Pattern Analysis and Machine Intelligence, IEEE Transactions on},
  volume={24},
  number={11},
  pages={1517--1520},
  year={2002},
  publisher={IEEE}
}

@article{forbes2003,
  title={Hidden {M}arkov random field model selection criteria based on mean field-like approximations},
  author={Forbes, Florence and Peyrard, Nathalie},
  journal={Pattern Analysis and Machine Intelligence, IEEE Transactions on},
  volume={25},
  number={9},
  pages={1089--1101},
  year={2003},
  publisher={IEEE}
}

@article{celeux2003,
title = {{EM} procedures using mean field-like approximations for {M}arkov model-based image segmentation},
journal = {Pattern Recognition},
volume = {36},
number = {1},
pages = {131--144},
year = {2003},
author = {Celeux, Gilles and Forbes, Florence and Peyrard, Nathalie}
}



@article{newton1994,
  title={Approximate {B}ayesian inference with the weighted likelihood bootstrap},
  author={Newton, Michael A and Raftery, Adrian E},
  journal={Journal of the Royal Statistical Society. Series B (Methodological)},
  pages={3--48},
  year={1994},
  publisher={JSTOR}
}

@book{rue2005,
  title={Gaussian Markov random fields: theory and applications},
  author={Rue, Havard and Held, Leonhard},
  year={2005},
  publisher={CRC Press}
}

@Article{stoehr2015,
author = {Stoehr, Julien and Pudlo, Pierre and Cucala, Lionel},
title = {Adaptive {ABC} model choice and geometric summary statistics for hidden {G}ibbs random fields},
journal = {Statistics and Computing},
year = {2015},
volume = {25},
number = {1},
pages = {129--141},
publisher={Springer US}
}

@article{clifford1990,
  title={Markov random fields in statistics},
  author={Clifford, Peter},
  journal={Disorder in physical systems: A volume in honour of John M. Hammersley},
  pages={19--32},
  year={1990}
}

@article{pettitt2003,
          volume = {65},
          number = {1},
          author = {Anthony N. Pettitt and Nial Friel and Robert W. Reeves},
           title = {Efficient calculation of the normalizing constant of the autologistic and related models on the cylinder and lattice},
       publisher = {Blackwell Publishing},
            year = {2003},
         journal = {Journal of the Royal Statistical Society. Series B (Statistical Methodology)},
           pages = {235--246},
}



@article{strauss1977,
  title={Clustering on coloured lattices},
  author={Strauss, David J},
  journal={Journal of Applied Probability},
  pages={135--143},
  year={1977},
  publisher={JSTOR}
}



%%%%%%%%%%%%%%%%%%%%%%
%% Modeles
%%%%%%%%%%%%%%%%%%%%%%

@ARTICLE{ising,
   author = {{Ising}, E.},
    title = "{Beitrag zur Theorie des Ferromagnetismus}",
  journal = {Zeitschrift fur Physik},
     year = {1925},
   volume = {31},
    pages = {253--258},

}

@inproceedings{potts1952,
  title={Some generalized order-disorder transformations},
  author={Potts, Renfrey Burnard},
  booktitle={Mathematical proceedings of the cambridge philosophical society},
  volume={48},
  number={01},
  pages={106--109},
  year={1952},
  organization={Cambridge Univ Press},
}

	@Article{besag74,
	author = {Besag, Julian E.},
	title = {Spatial {I}nteraction and the {S}tatistical {A}nalysis of {L}attice {S}ystems (with {D}iscussion)},
	journal = {Journal of the Royal Statistical Society. Series B (Methodological)},
	year = {1974},
	volume = {36},
	number = {2},
	pages = {192--236},
	language = {English},
	publisher = {Wiley for the Royal Statistical Society},
	copyright = {Copyright � 1974 Royal Statistical Society},
	}
	
	@ARTICLE{besag75,
  author =       {Besag, Julian E.},
  title =        {Statistical {A}nalysis of {N}on-{L}attice {D}ata},
  journal =      {The Statistician},
  year =         {1975},
  volume =       {24},
  pages =        {179--195}
}
	
	@ARTICLE{besag72,
  author =       {Besag, Julian E.},
  title =        {Nearest-neighbour {S}ystems and the {A}uto-{L}ogistic
                  {M}odel for {B}inary {D}ata},
  journal =      {Journal of the Royal Statistical Society. Series B (Methodological)},
  year =         {1972},
  volume =       {34},
  number = {1},
  pages =       {75--83}
}
	
	@article{besag1986,
  title={On the {S}tatistical {A}nalysis of {D}irty {P}ictures},
  author={Besag, Julian E.},
  journal={Journal of the Royal Statistical Society. Series B (Methodological)},
  pages={259--302},
  volume={48},
  number={3},
  year={1986},
  publisher={JSTOR}
}

	@article{grimmett1973,
  title={A theorem about random fields},
  author={Grimmett, Geoffrey R},
  journal={Bulletin of the London Mathematical Society},
  volume={5},
  number={1},
  pages={81--84},
  year={1973},
  publisher={Oxford University Press}
}

@article{lanford1969,
year={1969},
journal={Communications in Mathematical Physics},
volume={13},
number={3},
title={Observables at infinity and states with short range correlations in statistical mechanics},
publisher={Springer-Verlag},
author={Lanford, O.E., III and Ruelle, D.},
pages={194--215},
}

@book{georgii2011,
  title={Gibbs Measures and Phase Transitions},
  author={Georgii, H.O.},
  series={De Gruyter studies in mathematics},
  year={2011},
  publisher={De Gruyter}
}

@article{onsager1944,
  title = {Crystal {S}tatistics. {I}. {A} {T}wo-{D}imensional {M}odel with an {O}rder-{D}isorder {T}ransition},
  author = {Onsager, Lars},
  journal = {Phys. Rev.},
  volume = {65},
  issue = {3-4},
  pages = {117--149},
  numpages = {0},
  year = {1944},
  publisher = {American Physical Society},
}

@article{matveev1996,
  title={Complex-temperature singularities in {P}otts models on the square lattice},
  author={Matveev, Victor and Shrock, Robert},
  journal={Physical Review E},
  volume={54},
  number={6},
  pages={6174},
  year={1996},
  publisher={APS}
}

@article{wu1982,
  title={The {P}otts model},
  author={Wu, Fa-Yueh},
  journal={Reviews of modern physics},
  volume={54},
  number={1},
  pages={235},
  year={1982},
  publisher={APS}
}

%%%%%%%%%%%
%% ERGM
%%%%%%%%%%%

@article{wasserman1996,
  title={Logit models and logistic regressions for social networks: {I}. {A}n introduction to {M}arkov graphs andp},
  author={Wasserman, Stanley and Pattison, Philippa},
  journal={Psychometrika},
  volume={61},
  number={3},
  pages={401--425},
  year={1996},
  publisher={Springer}
}

@article{frank1986,
  title={Markov graphs},
  author={Frank, Ove and Strauss, David},
  journal={Journal of the American Statistical Association},
  volume={81},
  number={395},
  pages={832--842},
  year={1986},
  publisher={Taylor \& Francis Group}
}


@article{robins2007,
  title={An introduction to exponential random graph (p*) models for social networks},
  author={Robins, Garry and Pattison, Pip and Kalish, Yuval and Lusher, Dean},
  journal={Social networks},
  volume={29},
  number={2},
  pages={173--191},
  year={2007},
  publisher={Elsevier}
}


%%%%%%%%%%%%%%%%%%
%% Algorithme
%%%%%%%%%%%%%%%%%%

	@Article{sw87,
	author = {Swendsen, Robert H. and Wang, Jian-Sheng},
	title = {Nonuniversal critical dynamics in {M}onte {C}arlo simulations},
	journal = {Physical {R}eview {L}etters},
	year = {1987},
	volume = {58},
	number = {2},
	pages = {86--88},
	publisher = {American Physical Society},
	}
	
	@Article{geman1984,
  author =   {Geman, S. and Geman, D.},
  title =    {Stochastic {R}elaxation, {G}ibbs {D}istributions, and
          the {B}ayesian {R}estoration of {I}mages},
  journal =      {IEEE Transactions on Pattern Analysis and Machine Intelligence},
  year =     {1984},
  volume =   {6},
  number={6},
  pages =    {721--741}
}

@article{metropolis1953,
  title={Equation of state calculations by fast computing machines},
  author={Metropolis, Nicholas and Rosenbluth, Arianna W and Rosenbluth, Marshall N and Teller, Augusta H and Teller, Edward},
  journal={The journal of Chemical Physics},
  volume={21},
  number={6},
  pages={1087--1092},
  year={1953},
  publisher={AIP Publishing}
}

@article{hastings1970,
  title={Monte {C}arlo sampling methods using {M}arkov chains and their applications},
  author={Hastings, W Keith},
  journal={Biometrika},
  volume={57},
  number={1},
  pages={97--109},
  year={1970},
  publisher={Biometrika Trust}
}
	
	@article{liu1996,
  title={Peskun's theorem and a modified discrete-state Gibbs sampler},
  author={Liu, Jun S},
  journal={Biometrika},
  volume={83},
  number={3},
  pages={681--682},
  year={1996},
  publisher={Cambridge: University Press; New York: Macmillan Co.[distributor],[1901-}
}

@article{besag1993,
  title={Spatial {S}tatistics and {B}ayesian {C}omputation},
  author={Besag, Julian E and Green, Peter J},
  journal={Journal of the Royal Statistical Society. Series B (Methodological)},
  volume={55},
  number={1},
  pages={25--37},
  year={1993},
  publisher={JSTOR}
}

@article{cooper1999,
  title={Mixing properties of the {S}wendsen-{W}ang process on classes of graphs},
  author={Cooper, Colin and Frieze, Alan M},
  journal={Random Structures and Algorithms},
  volume={15},
  number={3-4},
  pages={242--261},
  year={1999}
}

@article{gore1999,
  title={The {S}wendsen--{W}ang process does not always mix rapidly},
  author={Gore, Vivek K and Jerrum, Mark R},
  journal={Journal of Statistical Physics},
  volume={97},
  number={1-2},
  pages={67--86},
  year={1999},
  publisher={Springer}
}

@article{edwards1988,
  title={Generalization of the {F}ortuin-{K}asteleyn-{S}wendsen-{W}ang representation and {M}onte {C}arlo algorithm},
  author={Edwards, Robert G and Sokal, Alan D},
  journal={Physical review D},
  volume={38},
  number={6},
  pages={2009},
  year={1988},
  publisher={APS}
}

@article{higdon1998,
  title={Auxiliary variable methods for {M}arkov chain {M}onte {C}arlo with applications},
  author={Higdon, David M},
  journal={Journal of the American Statistical Association},
  volume={93},
  number={442},
  pages={585--595},
  year={1998},
  publisher={Taylor \& Francis Group}
}

@article{higdon1993,
  title={Discussion on the {M}eeting on the {G}ibbs {S}ampler and {O}ther {M}arkov {C}hain {M}onte {C}arlo {M}ethods},
  author={Higdon, David M},
  journal={Journal of the Royal Statistical Society. Series B},
  volume={55},
  number={1},
  pages={78},
  year={1993},
}

@article{wolff1989,
  title={Collective {M}onte {C}arlo updating for spin systems},
  author={Wolff, Ulli},
  journal={Physical Review Letters},
  volume={62},
  number={4},
  pages={361},
  year={1989},
  publisher={APS}
}

@article{kandel1988,
  title={Simulations without critical slowing down},
  author={Kandel, Daniel and Domany, Eytan and Ron, Dorit and Brandt, Achi and Loh Jr, Eugene},
  journal={Physical review letters},
  volume={60},
  number={16},
  pages={1591},
  year={1988},
  publisher={APS}
}

@article{barbu2005,
  title={Generalizing {S}wendsen-{W}ang to sampling arbitrary posterior probabilities},
  author={Barbu, Adrian and Zhu, Song-Chun},
  journal={Pattern Analysis and Machine Intelligence, IEEE Transactions on},
  volume={27},
  number={8},
  pages={1239--1253},
  year={2005},
  publisher={IEEE}
}

@article{huber2003,
  title={A bounding chain for {S}wendsen-{W}ang},
  author={Huber, Mark},
  journal={Random Structures \& Algorithms},
  volume={22},
  number={1},
  pages={43--59},
  year={2003},
  publisher={Wiley Online Library}
}

@inproceedings{huber1999,
  title={Efficient {E}xact {S}ampling from the {I}sing {M}odel {U}sing {S}wendsen-Wang.},
  author={Huber, Mark},
  booktitle={SODA},
  pages={921--922},
  year={1999},
}

@article{damien1999,
  title={Gibbs sampling for {B}ayesian non-conjugate and hierarchical models by using auxiliary variables},
  author={Damien, P and Wakefield, John and Walker, Stephen},
  journal={Journal of the Royal Statistical Society: Series B (Statistical Methodology)},
  volume={61},
  number={2},
  pages={331--344},
  year={1999},
  publisher={Wiley Online Library}
}

@article{roberts1999,
  title={Convergence of slice sampler {M}arkov chains},
  author={Roberts, Gareth O and Rosenthal, Jeffrey S},
  journal={Journal of the Royal Statistical Society: Series B (Statistical Methodology)},
  volume={61},
  number={3},
  pages={643--660},
  year={1999},
  publisher={Wiley Online Library}
}

%%%%%%%%%%%%%%
%% Esitmation parametres

@article{ryden1998,
  title={Computational {B}ayesian analysis of hidden {M}arkov models},
  author={Ryd{\'e}n, Tobias and Titterington, DM},
  journal={Journal of Computational and Graphical Statistics},
  volume={7},
  number={2},
  pages={194--211},
  year={1998},
  publisher={Taylor \& Francis Group}
}

@article{friel2004,
  title={Likelihood {E}stimation and {I}nference for the {A}utologistic {M}odel},
  author={Friel, Nial and Pettitt, Anthony N.},
  journal={Journal of Computational and Graphical Statistics},
  volume={13},
  number={1},
  pages={232--246},
  year={2004}
}

@article{cucala2009,
  title={A {B}ayesian {R}eassessment of {N}earest-{N}eighbor {C}lassification},
  author={Cucala, Lionel and Marin, Jean-Michel and Robert, Christian P and Titterington, D Michael},
  journal={Journal of the American Statistical Association},
  volume={104},
  number={485},
  pages={263--273},
  year={2009}
}

@article{qian1991,
  title={Estimation of parameters in hidden {M}arkov models},
  author={Qian, W and Titterington, DM},
  journal={Philosophical Transactions of the Royal Society of London. Series A: Physical and Engineering Sciences},
  volume={337},
  number={1647},
  pages={407--428},
  year={1991},
  publisher={The Royal Society}
}

@article{besag1991,
  title={Bayesian image restoration, with two applications in spatial statistics},
  author={Besag, Julian E. and York, Jeremy and Molli{\'e}, Annie},
  journal={Annals of the institute of statistical mathematics},
  volume={43},
  number={1},
  pages={1--20},
  year={1991},
  publisher={Springer}
}

	@article{everitt12,
	author = {Everitt, Richard G.},
	title = {Bayesian {P}arameter {E}stimation for {L}atent {M}arkov {R}andom {F}ields and {S}ocial {N}etworks},
	journal = {Journal of Computational and Graphical Statistics},
	volume = {21},
	number = {4},
	pages = {940--960},
	year = {2012},
	}
	
	@article{heikkinen1994,
  title={Fully {B}ayesian approach to image restoration with an application in biogeography},
  author={Heikkinen, Juha and Hogmander, Harri},
  journal={Journal of the Royal Statistical Society. Series C (Applied Statistics)},
  pages={569--582},
  year={1994},
  volume={43},
  number={4},
  publisher={JSTOR}
}

@article{lindsay1988,
  title={Composite likelihood methods},
  author={Lindsay, Bruce G},
  journal={Contemporary Mathematics},
  volume={80},
  number={1},
  pages={221--39},
  year={1988}
}

@article{varin2011,
  title={An overview of composite likelihood methods},
  author={Varin, Cristiano and Reid, Nancy and Firth, David},
  journal={Statistica Sinica},
  volume={21},
  number={1},
  pages={5--42},
  year={2011}
}

@article{okabayashi2011,
  title={Extending pseudo-likelihood for {P}otts models},
  author={Okabayashi, Saisuke and Johnson, Leif and Geyer, Charles J},
  journal={Statistica Sinica},
  volume={21},
  number={1},
  pages={331},
  year={2011}
}

@article{pauli2011,
  title={Bayesian composite marginal likelihoods},
  author={Pauli, Francesco and Racugno, Walter and Ventura, Laura},
  journal={Statistica Sinica},
  volume={21},
  number={1},
  pages={149},
  year={2011}
}

@article{zucchini1991,
  title={A {H}idden {M}arkov {M}odel for {S}pace-{T}ime {P}recipitation},
  author={Zucchini, Walter and Guttorp, Peter},
  journal={Water Resources Research},
  volume={27},
  number={8},
  pages={1917--1923},
  year={1991},
  publisher={Wiley Online Library}
}

@article{scott2002,
  title={Bayesian {M}ethods for {H}idden {M}arkov {M}odels},
  author={Scott, Steven L},
  journal={Journal of the American Statistical Association},
  volume={97},
  number={457},
  year={2002}
}

@Article{ribatet2012,
  title={Bayesian inference for composite likelihood models and an application to spatial extremes},
  author={Ribatet, M. and Cooley, D. and Davison, AC},
  journal={Statista Sinica },
  volume = {22},
  pages = {813--845},
  year={2012}
}

@article{gelman1998,
  title={Simulating normalizing constants: {F}rom importance sampling to bridge sampling to path sampling},
  author={Gelman, Andrew and Meng, Xiao-Li},
  journal={Statistical science},
  volume={13},
  number={2},
  pages={163--185},
  year={1998},
  publisher={JSTOR}
}

@inproceedings{murray2004,
  title={Bayesian learning in undirected graphical models: approximate {MCMC} algorithms},
  author={Murray, Iain and Ghahramani, Zoubin},
  booktitle={Proceedings of the 20th conference on Uncertainty in artificial intelligence},
  pages={392--399},
  year={2004},
  organization={AUAI Press}
}

@article{mcgrory2009,
  title={Variational {B}ayes for estimating the parameters of a hidden {P}otts model},
  author={McGrory, Clare A and Titterington, D Michael and Reeves, Rob and Pettitt, Anthony N},
  journal={Statistics and Computing},
  volume={19},
  number={3},
  pages={329--340},
  year={2009},
  publisher={Springer}
}

@article{geyer1992,
  title={Constrained {M}onte {C}arlo {M}aximum {L}ikelihood for {D}ependent {D}ata},
  author={Geyer, Charles J and Thompson, Elizabeth A},
  journal={Journal of the Royal Statistical Society. Series B (Methodological)},
  volume={54},
  number={3},
  pages={657--699},
  year={1992},
  publisher={JSTOR}
}

@article{moller2006,
  title={An efficient {M}arkov chain {M}onte {C}arlo method for distributions with intractable normalising constants},
  author={M{\o}ller, Jesper and Pettitt, Anthony N and Reeves, R and Berthelsen, Kasper K},
  journal={Biometrika},
  volume={93},
  number={2},
  pages={451--458},
  year={2006},
  publisher={Biometrika Trust}
}

@InCollection{murray2006,
author = {Iain Murray and Zoubin Ghahramani and David J. C. MacKay},
title = {{MCMC} for doubly-intractable distributions},
booktitle = {Proceedings of the 22nd Annual Conference on Uncertainty in Artificial Intelligence (UAI-06)},
publisher={AUAI Press},
year = {2006},
pages = {359--366}
}

@InProceedings{stoehrfriel2015,
author = {Stoehr, Julien and Friel, Nial},
title = {Calibration of conditional composite likelihood for Bayesian inference on Gibbs random fields},
booktitle = {JMLR W$\&$CP: Proceedings of the Eighteenth International Conference on Artificial Intelligence and Statistics},
pages = {921--929},
year = {2015},
volume = {38}
}


@article{heagerty1998,
  title={A composite likelihood approach to binary spatial data},
  author={Heagerty, Patrick J and Lele, Subhash R},
  journal={Journal of the American Statistical Association},
  volume={93},
  number={443},
  pages={1099--1111},
  year={1998},
  publisher={Taylor \& Francis Group}
}

@article{ryden1994,
  title={Consistent and asymptotically normal parameter estimates for hidden {M}arkov models},
  author={Ryd{\'e}n, Tobias},
  journal={The Annals of Statistics},
  volume={22},
  number={4},
  pages={1884--1895},
  year={1994},
  publisher={JSTOR}
}

@article{nott1999,
  title={Pairwise likelihood methods for inference in image models},
  author={Nott, David J and Ryd{\'e}n, Tobias},
  journal={Biometrika},
  volume={86},
  number={3},
  pages={661--676},
  year={1999},
  publisher={Biometrika Trust}
}

@InProceedings{asuncion2010,
 author = {A. U. Asuncion and Q. Liu and A. T. Ihler and P. Smyth},
 title = {Learning with Blocks: Composite Likelihood and Contrastive Divergence},
booktitle = {AISTATS, Journal of Machine Learning Research: W\&CP},
 year = {2010},
 volume = {9},
 pages = {33--40}
}

@article{younes1988,
  title={Estimation and annealing for {G}ibbsian fields},
  author={Younes, Laurent},
  journal={Annales de l'Institut Henri Poincar{\'e}},
  volume={24},
  pages={269--294},
  year={1988}
}

@article{descombes1999,
  title={Estimation of {M}arkov random field prior parameters using {M}arkov chain {M}onte {C}arlo maximum likelihood},
  author={Descombes, Xavier and Morris, Robin D and Zerubia, Josiane and Berthod, Marc},
  journal={Image Processing, IEEE Transactions on},
  volume={8},
  number={7},
  pages={954--963},
  year={1999},
  publisher={IEEE}
}

@article{derin1987,
  title={Modeling and segmentation of noisy and textured images using {G}ibbs random fields},
  author={Derin, Haluk and Elliott, Howard},
  journal={Pattern Analysis and Machine Intelligence, IEEE Transactions on},
  number={1},
  pages={39--55},
  year={1987},
  publisher={IEEE}
}

@inproceedings{chen1989,
  title={Experiments in filtering discrete {M}arkov random fields to textures},
  author={Chen, Chaur-Chin and Dubes, Richard C},
  booktitle={Computer Vision and Pattern Recognition, 1989. Proceedings CVPR'89., IEEE Computer Society Conference on},
  pages={298--303},
  year={1989},
  organization={IEEE}
}

@inproceedings{geman1986,
  title={Markov {R}andom {F}ield {I}mage {M}odels and {T}heir {A}pplications to {C}omputer {V}ision},
  author={Geman, Stuart and Graffigne, Christine},
  booktitle={Proceedings of the International Congress of Mathematicians},
  volume={1},
  pages={1496--1517},
  year={1986}
}

@article{geyer1991,
  title={Markov {C}hain {M}onte {C}arlo {M}aximum {L}ikelihood},
  author={Geyer, Charles J},
  year={1991},
 editor={Interface Foundation of North America. Retrieved from the University of Minnesota Digital Conservancy}
}

@article{dempster1977,
  title={Maximum {L}ikelihood from {I}ncomplete {D}ata via the {EM} {A}lgorithm},
  author={Dempster, Arthur P and Laird, Nan M and Rubin, Donald B},
  journal={Journal of the Royal Statistical Society. Series B (Methodological)},
  pages={1--38},
       volume = {39},
     number = {1},
  year={1977},
  publisher={JSTOR}
}


@article{wu1983,
  title={On the convergence properties of the {EM} algorithm},
  author={Wu, C.F. Jeff},
  journal={The Annals of Statistics},
  pages={95--103},
  year={1983},
  volume ={11},
  number ={1},
  publisher={JSTOR}
}

@article{celeux1992,
  title={A classification {EM} algorithm for clustering and two stochastic versions},
  author={Celeux, Gilles and Govaert, G{\'e}rard},
  journal={Computational Statistics \& Data Analysis},
  volume={14},
  number={3},
  pages={315--332},
  year={1992},
  publisher={Elsevier}
}

@article{celeux1985,
  title={The {SEM} algorithm: a probabilistic teacher algorithm derived from the {EM} algorithm for the mixture problem},
  author={Celeux, Gilles and Diebolt, Jean},
  journal={Computational Statistics Quarterly},
  volume={2},
  number={1},
  pages={73--82},
  year={1985}
}

@article{chalmond1989,
  title={An iterative {G}ibbsian technique for reconstruction of m-ary images},
  author={Chalmond, Bernard},
  journal={Pattern Recognition},
  volume={22},
  number={6},
  pages={747--761},
  year={1989},
  publisher={Elsevier}
}

    @article{wei1990,
     title = {A {M}onte {C}arlo {I}mplementation of the {EM} {A}lgorithm and the {P}oor {M}an's {D}ata {A}ugmentation {A}lgorithms},
     author = {Wei, Greg C. G. and Tanner, Martin A.},
     journal = {Journal of the American Statistical Association},
     volume = {85},
     number = {411},
     pages = {699--704},
     year = {1990},
     publisher = {Taylor & Francis, Ltd. on behalf of the American Statistical Association},
     copyright = {Copyright � 1990 American Statistical Association}
    }

@incollection{neal1998,
year={1998},
booktitle={Learning in Graphical Models},
volume={89},
series={NATO ASI Series},
editor={Jordan, MichaelI.},
title={A {V}iew of the {EM} {A}lgorithm that {J}ustifies {I}ncremental, {S}parse, and other {V}ariants},
publisher={Springer Netherlands},
author={Neal, RadfordM. and Hinton, GeoffreyE.},
pages={355--368},
}

@article{zhang1992,
  title={The mean field theory in {EM} procedures for {M}arkov random fields},
  author={Zhang, Jun},
  journal={Signal Processing, IEEE Transactions on},
  volume={40},
  number={10},
  pages={2570--2583},
  year={1992},
  publisher={IEEE}
}

@article{forbes2007, 
author={Forbes, F. and Fort, G.}, 
journal={Image Processing, IEEE Transactions on}, 
title={Combining {M}onte {C}arlo and {M}ean {F}ield-{L}ike {M}ethods for {I}nference in {H}idden {M}arkov {R}andom {F}ields}, 
year={2007}, 
volume={16}, 
number={3}, 
pages={824--837}}

@article{propp1996,
  title={Exact {S}ampling with {C}oupled {M}arkov chains and {A}pplications to {S}tatistical {M}echanics},
  author={Propp, James Gary and Wilson, David Bruce},
  journal={Random structures and Algorithms},
  volume={9},
  number={1-2},
  pages={223--252},
  year={1996}
}

@article{wilkinson2013,
  title={Approximate {B}ayesian computation ({ABC}) gives exact results under the assumption of model error},
  author={Wilkinson, Richard David},
  journal={Statistical Applications in Genetics and Molecular Biology},
  volume={12},
  number={2},
  pages={129--141},
  year={2013}
}

@inproceedings{akaike1973,
  title={Information theory and an extension of the maximum likelihood principle},
  author={Akaike, H},
  booktitle={Second International Symposium on Information Theory},
  pages={267--281},
  year={1973},
  organization={Akademinai Kiado}
}

 @article{katz1981,
     title = {On {S}ome {C}riteria for {E}stimating the {O}rder of a {M}arkov {C}hain},
     author = {Katz, Richard W.},
     journal = {Technometrics},
     volume = {23},
     number = {3},
     pages = {243--249},
     year = {1981},
    }
    
    @inproceedings{gassiat2002,
  title={Likelihood ratio inequalities with applications to various mixtures},
  author={Gassiat, Elisabeth},
  booktitle={Annales de l'IHP Probabilit{\'e}s et statistiques},
  volume={38},
  number={6},
  pages={897--906},
  year={2002}
}

@article{biernacki2000,
  title={Assessing a mixture model for clustering with the integrated completed likelihood},
  author={Biernacki, Christophe and Celeux, Gilles and Govaert, G{\'e}rard},
  journal={Pattern Analysis and Machine Intelligence, IEEE Transactions on},
  volume={22},
  number={7},
  pages={719--725},
  year={2000},
  publisher={IEEE}
}

@article{geys2001,
     jstor_articletype = {research-article},
     title = {Two {L}atent {V}ariable {R}isk {A}ssessment {A}pproaches for {M}ixed {C}ontinuous and {D}iscrete {O}utcomes from {D}evelopmental {T}oxicity {D}ata},
     author = {Geys, Helena and Regan, Meredith M. and Catalano, Paul J. and Molenberghs, Geert},
     journal = {Journal of Agricultural, Biological, and Environmental Statistics},
     volume = {6},
     number = {3},
     pages = {340--355},
     year = {2001},
     publisher = {International Biometric Society},
     copyright = {Copyright � 2001 International Biometric Society},
    }
    
    @article{kent1982,
     jstor_articletype = {research-article},
     title = {Robust {P}roperties of {L}ikelihood {R}atio {T}est},
     author = {Kent, John T.},
     journal = {Biometrika},
     jstor_issuetitle = {},
     volume = {69},
     number = {1},
     jstor_formatteddate = {Apr., 1982},
     pages = {19--27},
     year = {1982},
     publisher = {Biometrika Trust},
     copyright = {Copyright � 1982 Biometrika Trust},
    }
    
    @article{cox2004,
author = {Cox, D. R. and Reid, N.}, 
title = {A note on pseudolikelihood constructed from marginal densities},
volume = {91}, 
number = {3}, 
pages = {729--737}, 
year = {2004}, 
journal = {Biometrika} 
}

@article{wilks1938,
     jstor_articletype = {research-article},
     title = {The {L}arge-{S}ample {D}istribution of the {L}ikelihood {R}atio for {T}esting {C}omposite {H}ypotheses},
     author = {Wilks, S. S.},
     journal = {The Annals of Mathematical Statistics},
     jstor_issuetitle = {},
     volume = {9},
     number = {1},
     jstor_formatteddate = {Mar., 1938},
     pages = {60--62},
     year = {1938},
     publisher = {Institute of Mathematical Statistics},
     copyright = {Copyright � 1938 Institute of Mathematical Statistics},
    }

@article{chandler2007,
author = {Chandler, Richard E. and Bate, Steven}, 
title = {Inference for clustered data using the independence loglikelihood},
volume = {94}, 
number = {1}, 
pages = {167--183}, 
year = {2007}, 
journal = {Biometrika} 
}

@article {rue2009,
author = {Rue, H\r{a}vard and Martino, Sara and Chopin, Nicolas},
title = {Approximate {B}ayesian inference for latent {G}aussian models by using integrated nested {L}aplace approximations},
journal = {Journal of the Royal Statistical Society: Series B (Statistical Methodology)},
volume = {71},
number = {2},
publisher = {Blackwell Publishing Ltd},
pages = {319--392},
year = {2009},
}


@article{varin2005,
author = {Varin, Cristiano and Vidoni, Paolo}, 
title = {A note on composite likelihood inference and model selection},
volume = {92}, 
number = {3}, 
pages = {519--528}, 
year = {2005}, 
journal = {Biometrika} 
}

@article{jordan1999,
  title={An {I}ntroduction to {V}ariational {M}ethods for {G}raphical {M}odels},
  author={Jordan, Michael I and Ghahramani, Zoubin and Jaakkola, Tommi S and Saul, Lawrence K},
  journal={Machine learning},
  volume={37},
  number={2},
  pages={183--233},
  year={1999},
  publisher={Springer}
}

@article{yedidia2005,
  title={Constructing {F}ree {E}nergy {A}pproximations and {G}eneralized {B}elief {P}ropagation {A}lgorithms},
  author={Yedidia, Jonathan S and Freeman, William T and Weiss, Yair},
  journal={Information Theory, IEEE Transactions on},
  volume={51},
  number={7},
  pages={2282--2312},
  year={2005},
  publisher={IEEE}
}

@article{rue2001,
     title = {Fast {S}ampling of {G}aussian {M}arkov {R}andom {F}ields},
     author = {Rue, H\r{a}vard},
     journal = {Journal of the Royal Statistical Society. Series B (Statistical Methodology)},
     volume = {63},
     number = {2},
     jstor_formatteddate = {2001},
     pages = {325--338},  
     year = {2001},
    }
    
    @article{raftery1995bic,
  title={Bayesian model selection in social research},
  author={Raftery, Adrian E},
  journal={Sociological methodology},
  volume={25},
  pages={111--164},
  year={1995},
  publisher={Blackwell Publishers}
}

@article{tierney1986,
author = { Luke   Tierney  and  Joseph B.   Kadane },
title = {Accurate {A}pproximations for {P}osterior {M}oments and {M}arginal {D}ensities},
journal = {Journal of the American Statistical Association},
volume = {81},
number = {393},
pages = {82--86},
year = {1986}
}

@article{kass1995reference,
  title={A reference {B}ayesian test for nested hypotheses and its relationship to the Schwarz criterion},
  author={Kass, Robert E and Wasserman, Larry},
  journal={Journal of the American Statistical Association},
  volume={90},
  number={431},
  pages={928--934},
  year={1995},
  publisher={Taylor \& Francis}
}

@article{haughton1988,
author = {Haughton, Dominique M. A.},
journal = {The Annals of Statistics},
number = {1},
pages = {342--355},
title = {On the {C}hoice of a {M}odel to {F}it {D}ata from an {E}xponential {F}amily},
volume = {16},
year = {1988}
}

@article{csiszar2000,
  title={The consistency of the {BIC} {M}arkov order estimator},
  author={Csisz{\'a}r, Imre and Shields, Paul C and others},
  journal={The Annals of Statistics},
  volume={28},
  number={6},
  pages={1601--1619},
  year={2000},
  publisher={Institute of Mathematical Statistics}
}

@article{keribin2000,
     jstor_articletype = {research-article},
     title = {Consistent {E}stimation of the {O}rder of {M}ixture {M}odels},
     author = {Keribin, C.},
     journal = {Sankhy: The Indian Journal of Statistics, Series A (1961-2002)},
     volume = {62},
     number = {1},
     pages = {49--66},   
     year = {2000},
    }
    
     @article{csiszar2006,
     title = {Consistent {E}stimation of the {B}asic {N}eighborhood of {M}arkov {R}andom {F}ields},
     author = {Csisz{\'a}r, Imre and Talata, Zsolt},
     journal = {The Annals of Statistics},
     volume = {34},
     number = {1},
     pages = {123--145},
     year = {2006},
    }

@book{burnham2002,
  title={Model selection and multimodel inference: a practical information-theoretic approach},
  author={Burnham, Kenneth P and Anderson, David R},
  year={2002},
  publisher={Springer Science \& Business Media}
}

@article{pudlo2014abc,
  title={{ABC} model choice via random forests},
  author={Pudlo, Pierre and Marin, Jean-Michel and Estoup, Arnaud and Cornuet, Jean-Marie and Gautier, Mathieu and Robert, Christian P},
  journal={ArXiv e-prints},
  volume={1406.6288v2},
  year={2014}
}

@article{andrieu2010particle,
  title={Particle {M}arkov {C}hain {M}onte {C}arlo methods},
  author={Andrieu, Christophe and Doucet, Arnaud and Holenstein, Roman},
  journal={Journal of the Royal Statistical Society: Series B (Statistical Methodology)},
  volume={72},
  number={3},
  pages={269--342},
  year={2010},
  publisher={Wiley Online Library}
}

@article{beaumont2003,
author = {Beaumont, Mark A.}, 
title = {Estimation of {P}opulation {G}rowth or {D}ecline in {G}enetically {M}onitored {P}opulations},
volume = {164}, 
number = {3}, 
pages = {1139--1160}, 
year = {2003}, 
journal = {Genetics}
}

@article{andrieu2009,
title = {The {P}seudo-{M}arginal {A}pproach for {E}fficient {M}onte {C}arlo {C}omputations},
author = {Andrieu, Christophe and Roberts, Gareth O.},
journal = {The Annals of Statistics},
volume = {37},
number = {2},
pages = {697--725},
year = {2009}
}