@inbook{Andrew_Gao_2007,
  title = {Scalable Training of L1-Regularized Log-Linear Models},
  isbn = {9781595937933},
  url = {http://dx.doi.org/10.1145/1273496.1273501},
  booktitle = {Proceedings of the 24th international conference on Machine learning - ICML  07},
  publisher = {Association for Computing Machinery (ACM)},
  author = {Andrew, Galen and Gao, Jianfeng},
  year = {2007},
  pages = {33-40},
}


@article{Nocedal_1980,
  title = {Updating Quasi-Newton Matrices with Limited Storage},
  volume = {35},
  url = {http://dx.doi.org/10.1090/S0025-5718-1980-0572855-7},
  number = {151},
  journal = {Mathematics of Computation},
  publisher = {American Mathematical Society (AMS)},
  author = {Nocedal, Jorge},
  year = {1980},
  month = {Sep},
  pages = {773-773},
}


@article{Liu_Nocedal_1989,
  title = {On the Limited Memory BFGS Method for Large Scale Optimization},
  volume = {45},
  url = {http://dx.doi.org/10.1007/BF01589116},
  number = {1-3},
  journal = {Mathematical Programming},
  publisher = {Springer Science + Business Media},
  author = {Liu, Dong C. and Nocedal, Jorge},
  year = {1989},
  month = {Aug},
  pages = {503-528},
}


@book{Eddelbuettel_2013,
  title = {Seamless \proglang{R} and \proglang{C++} Integration with \pkg{Rcpp}},
  isbn = {978-1-4614-6867-7},
  url = {http://dx.doi.org/10.1007/978-1-4614-6868-4},
  publisher = {Springer Science + Business Media},
  author = {Eddelbuettel, Dirk},
  year = {2013},
}


@article{Golub_1999,
  url = {http://dx.doi.org/10.1126/science.286.5439.531},
  year = {1999},
  month = {Oct},
  publisher = {American Association for the Advancement of Science (AAAS)},
  volume = {286},
  number = {5439},
  pages = {531-537},
  author={Golub, Todd R and Slonim, Donna K and Tamayo, Pablo and Huard, Christine and Gaasenbeek, Michelle and Mesirov, Jill P and Coller, Hilary and Loh, Mignon L and Downing, James R and Caligiuri, Mark A and others},
  title = {Molecular Classification of Cancer: Class Discovery and Class Prediction by Gene Expression Monitoring},
  journal = {Science},
}


@article{Eddelbuettel_2014,
  url = {http://dx.doi.org/10.1016/j.csda.2013.02.005},
  year = {2014},
  month = {Mar},
  publisher = {Elsevier BV},
  volume = {71},
  pages = {1054-1063},
  author = {Dirk Eddelbuettel and Conrad Sanderson},
  title = {\pkg{RcppArmadillo}: Accelerating \proglang{R} with High-Performance \proglang{C++} Linear Algebra},
  journal = {Computational Statistics \& Data Analysis},
}

@Article{glmnet,
    title = {Regularization Paths for Generalized Linear Models via
      Coordinate Descent},
    author = {Jerome Friedman and Trevor Hastie and Robert Tibshirani},
    journal = {Journal of Statistical Software},
    year = {2010},
    volume = {33},
    number = {1},
    pages = {1--22},
    url = {http://www.jstatsoft.org/v33/i01/},
}

@Article{optimx,
    title = {Unifying Optimization Algorithms to Aid Software System Users: \pkg{optimx} for R},
    author = {John C. Nash and Ravi Varadhan},
    journal = {Journal of Statistical Software},
    year = {2011},
    volume = {43},
    number = {9},
    pages = {1--14},
    url = {http://www.jstatsoft.org/v43/i09/},
}

@Manual{R,
    title = {\proglang{R}: A Language and Environment for Statistical Computing},
    author = {{\proglang{R} Development Core Team}},
    organization = {\proglang{R} Foundation for Statistical Computing},
    address = {Vienna, Austria},
    year = {2008},
    note = {{ISBN} 3-900051-07-0},
    url = {http://www.R-project.org},
  }

@Manual{penalized,
    title = {\pkg{penalized}: L1 (lasso and fused lasso) and L2 (ridge) Penalized Estimation in GLMs and in the Cox Model},
    author = {Goeman, Jelle and Meijer, Rosa and Chaturvedi, Nimisha},
    year = {2012},
    url = {http://cran.r-project.org/web/packages/penalized/index.html},
  }

@Manual{mlegp,
    title = {\pkg{mlegp}: Maximum Likelihood Estimates of Gaussian Processes},
    author = {Garrett M. Dancik},
    year = {2013},
    url = {http://cran.r-project.org/web/packages/mlegp/index.html},
  }

@Manual{microbenchmark,
    title = {\pkg{microbenchmark}: Sub Microsecond Accurate Timing Functions},
    author = {Olaf Mersmann},
    year = {2013},
    url = {http://cran.r-project.org/web/packages/microbenchmark/index.html},
  }

@Manual{inline,
    title = {\pkg{inline}: Inline C, C++, Fortran Function Calls from R},
    author = {Oleg Sklyar and Duncan Murdoch and Mike Smith and Dirk Eddelbuettel and Romain Francois},
    year = {2013},
    url = {http://cran.r-project.org/web/packages/inline/index.html},
  }


@Manual{liblbfgs,
    author = {Okazaki, N.},
    url = {http://www.chokkan.org/software/liblbfgs/},
    title = {libLBFGS: A Library of Limited-memory Broyden-Fletcher-Goldfarb-Shanno (L-BFGS)},
    year = {2010}
}

@book{hastie2009elements,
  title={The elements of statistical learning},
  author={Hastie, Trevor and Tibshirani, Robert and Friedman, Jerome and Hastie, T and Friedman, J and Tibshirani, R},
  volume={2},
  number={1},
  year={2009},
  publisher={Springer}
}

@book{nocedal2006numerical,
  author = {Nocedal, Jorge and Wright, Stephen J.},
  description = {Numerical Optimization},
  publisher = {Springer},
  timestamp = {2012-02-26T18:34:31.000+0100},
  title = {Numerical optimization},
  year={2006},
  url = {http://site.ebrary.com/id/10228772},
}

@article{rosenbrock1960automatic,
  title={An automatic method for finding the greatest or least value of a function},
  author={Rosenbrock, Howard H},
  journal={The Computer Journal},
  volume={3},
  number={3},
  pages={175--184},
  year={1960},
  publisher={Br Computer Soc}
}

@article{more1994line,
  title={Line search algorithms with guaranteed sufficient decrease},
  author={More, Jorge J and Thuente, David J},
  journal={ACM Transactions on Mathematical Software},
  volume={20},
  number={3},
  pages={286--307},
  year={1994},
  publisher={ACM},
  url={http://dl.acm.org/citation.cfm?id=192132},
}

@article{wolfe1969convergence,
  title={Convergence conditions for ascent methods},
  author={Wolfe, Philip},
  journal={SIAM review},
  volume={11},
  number={2},
  pages={226--235},
  year={1969},
  publisher={SIAM}
}

@article{armijo1966minimization,
  title={Minimization of functions having Lipschitz continuous first partial derivatives},
  author={Armijo, Larry},
  journal={Pacific Journal of mathematics},
  volume={16},
  number={1},
  pages={1--3},
  year={1966}
}

@Manual{rcppde,
    title = {\pkg{RcppDE}: Global optimization by Differential Evolution in C++},
    author = {Dirk Eddelbuettel},
    year = {2013},
    url = {http://cran.r-project.org/web/packages/RcppDE/index.html},
}

@Manual{devol,
    title = {\pkg{DEoptim}: Global optimization by Differential Evolution},
    author = {David Ardia and Katharine Mullen and Brian Peterson and Joshua Ulrich and Kris Boudt},
    year = {2013},
    url = {http://cran.r-project.org/web/packages/DEoptim/index.html},
}
