@article{lindskououtlier,
  title={Outlier Detection in Contingency Tables Using Decomposable Graphical Models},
  author={Lindskou, Mads and Svante Eriksen, Poul and Tvedebrink, Torben},
  journal={Scandinavian Journal of Statistics},
  publisher={Wiley Online Library},
  doi={10.1111/sjos.12407},
  year={2019}
}

@book{lauritzen1996graphical,
  title={Graphical models},
  author={Lauritzen, Steffen L},
  volume={17},
  year={1996},
  publisher={Clarendon Press}
}

@book{whittaker2009graphical,
  title={Graphical models in applied multivariate statistics},
  author={Whittaker, Joe},
  year={2009},
  publisher={Wiley Publishing}
}

@article{10002015global,
  title={A global reference for human genetic variation},
  author={{The 1000 Genomes Project Consortium}},
  journal={Nature},
  volume=526,
  number=7571,
  pages=68,
  year=2015,
  publisher={Nature Publishing Group},
  doi = {10.1038/nature15393}
}

@article{guvenir1998learning,
  title={Learning differential diagnosis of erythemato-squamous diseases using voting feature intervals},
  author={G{\"u}venir, H Altay and Demir{\"o}z, G{\"u}l{\c{s}}en and Ilter, Nilsel},
  journal={Artificial intelligence in medicine},
  volume=13,
  number=3,
  pages={147--165},
  year=1998,
  publisher={Elsevier}
}


@misc{altay,
author = "Ilter and Altay G{\"u}venir, H.",
year = "1998",
title = "{UCI} Machine Learning Repository",
url = "https://archive.ics.uci.edu/ml/datasets/Dermatology",
institution = "Department of Computer Engineering and Information Science" } 

@article{liu2015fast,
  title={A fast approach for detection of erythemato-squamous diseases based on extreme learning machine with maximum relevance minimum redundancy feature selection},
  author={Liu, Tong and Hu, Liang and Ma, Chao and Wang, Zhi-Yan and Chen, Hui-Ling},
  journal={International Journal of Systems Science},
  volume=46,
  number=5,
  pages={919--931},
  year=2015,
  publisher={Taylor \& Francis}
}
