
@incollection{watson_conjugate_1976,
	address = {Berlin, Heidelberg},
	title = {Conjugate gradient methods for indefinite systems},
	volume = {506},
	isbn = {978-3-540-07610-0 978-3-540-38129-7},
	url = {http://link.springer.com/10.1007/BFb0080116},
	urldate = {2017-12-06},
	booktitle = {Numerical {Analysis}},
	publisher = {Springer Berlin Heidelberg},
	author = {Fletcher, R.},
	editor = {Watson, G. Alistair},
	year = {1976},
	note = {DOI: 10.1007/BFb0080116},
	pages = {73--89},
	file = {[Fletcher.1976] Conjugate gradient methods for indefinite systems.pdf:/home/kisung/Dropbox/V2. Applied Mathematics/P2. Numerical/S3. linsolve/[Fletcher.1976] Conjugate gradient methods for indefinite systems.pdf:application/pdf}
}

@article{voevodin_question_1983,
	title = {The question of non-self-adjoint extension of the conjugate gradients method is closed},
	volume = {23},
	issn = {00415553},
	url = {http://linkinghub.elsevier.com/retrieve/pii/S0041555383800603},
	doi = {10.1016/S0041-5553(83)80060-3},
	language = {en},
	number = {2},
	urldate = {2017-12-06},
	journal = {USSR Computational Mathematics and Mathematical Physics},
	author = {Voevodin, V.V.},
	month = jan,
	year = {1983},
	pages = {143--144},
	file = {[Voevodin.1983] The question of non-self-adjoint extension of the conjugate gradients method is.pdf:/home/kisung/Dropbox/V2. Applied Mathematics/P2. Numerical/S3. linsolve/[Voevodin.1983] The question of non-self-adjoint extension of the conjugate gradients method is.pdf:application/pdf}
}

@article{van_der_vorst_bi-cgstab:_1992,
	title = {Bi-{CGSTAB}: {A} {Fast} and {Smoothly} {Converging} {Variant} of {Bi}-{CG} for the {Solution} of {Nonsymmetric} {Linear} {Systems}},
	volume = {13},
	issn = {0196-5204, 2168-3417},
	shorttitle = {Bi-{CGSTAB}},
	url = {http://epubs.siam.org/doi/10.1137/0913035},
	doi = {10.1137/0913035},
	language = {en},
	number = {2},
	urldate = {2017-12-06},
	journal = {SIAM Journal on Scientific and Statistical Computing},
	author = {van der Vorst, H. A.},
	month = mar,
	year = {1992},
	pages = {631--644},
	file = {[van der Vorst.1992] Bi-CGSTAB.pdf:/home/kisung/Dropbox/V2. Applied Mathematics/P2. Numerical/S3. linsolve/[van der Vorst.1992] Bi-CGSTAB.pdf:application/pdf}
}

@book{saad_iterative_2003,
	address = {Philadelphia},
	edition = {2nd ed},
	title = {Iterative methods for sparse linear systems},
	isbn = {978-0-89871-534-7},
	publisher = {SIAM},
	author = {Saad, Y.},
	year = {2003},
	keywords = {Differential equations, Partial, Iterative methods (Mathematics), Numerical solutions, Sparse matrices}
}

@article{hestenes_methods_1952,
	title = {Methods of conjugate gradients for solving linear systems},
	volume = {49},
	issn = {0091-0635},
	url = {http://nvlpubs.nist.gov/nistpubs/jres/049/jresv49n6p409_A1b.pdf},
	doi = {10.6028/jres.049.044},
	language = {en},
	number = {6},
	urldate = {2017-12-06},
	journal = {Journal of Research of the National Bureau of Standards},
	author = {Hestenes, M.R. and Stiefel, E.},
	month = dec,
	year = {1952},
	pages = {409},
	file = {[Hestenes_Stiefel.1952] Methods of conjugate gradients for solving linear systems.pdf:/home/kisung/Dropbox/V2. Applied Mathematics/P2. Numerical/S3. linsolve/[Hestenes_Stiefel.1952] Methods of conjugate gradients for solving linear systems.pdf:application/pdf}
}

@article{sonneveld_cgs_1989,
	title = {{CGS}, {A} {Fast} {Lanczos}-{Type} {Solver} for {Nonsymmetric} {Linear} systems},
	volume = {10},
	issn = {0196-5204, 2168-3417},
	url = {http://epubs.siam.org/doi/10.1137/0910004},
	doi = {10.1137/0910004},
	language = {en},
	number = {1},
	urldate = {2017-12-06},
	journal = {SIAM Journal on Scientific and Statistical Computing},
	author = {Sonneveld, Peter},
	month = jan,
	year = {1989},
	pages = {36--52},
	file = {[Sonneveld.1989] CGS, A Fast Lanczos-Type Solver for Nonsymmetric Linear systems.pdf:/home/kisung/Dropbox/V2. Applied Mathematics/P2. Numerical/S3. linsolve/[Sonneveld.1989] CGS, A Fast Lanczos-Type Solver for Nonsymmetric Linear systems.pdf:application/pdf}
}

@article{gutknecht_chebyshev_2002,
	title = {The {Chebyshev} iteration revisited},
	volume = {28},
	issn = {01678191},
	url = {http://linkinghub.elsevier.com/retrieve/pii/S0167819101001399},
	doi = {10.1016/S0167-8191(01)00139-9},
	language = {en},
	number = {2},
	urldate = {2017-12-06},
	journal = {Parallel Computing},
	author = {Gutknecht, Martin H. and Röllin, Stefan},
	month = feb,
	year = {2002},
	pages = {263--283},
	file = {[Gutknecht_Röllin.2002] The Chebyshev iteration revisited.pdf:/home/kisung/Dropbox/V2. Applied Mathematics/P2. Numerical/S3. linsolve/[Gutknecht_Röllin.2002] The Chebyshev iteration revisited.pdf:application/pdf}
}

@article{saad_gmres:_1986,
	title = {{GMRES}: {A} {Generalized} {Minimal} {Residual} {Algorithm} for {Solving} {Nonsymmetric} {Linear} {Systems}},
	volume = {7},
	issn = {0196-5204, 2168-3417},
	shorttitle = {{GMRES}},
	url = {http://epubs.siam.org/doi/10.1137/0907058},
	doi = {10.1137/0907058},
	language = {en},
	number = {3},
	urldate = {2017-12-06},
	journal = {SIAM Journal on Scientific and Statistical Computing},
	author = {Saad, Youcef and Schultz, Martin H.},
	month = jul,
	year = {1986},
	pages = {856--869},
	file = {[Saad_Schultz.1986] GMRES.pdf:/home/kisung/Dropbox/V2. Applied Mathematics/P2. Numerical/S3. linsolve/[Saad_Schultz.1986] GMRES.pdf:application/pdf}
}

@book{demmel_applied_1997,
	title = {Applied {Numerical} {Linear} {Algebra}},
	isbn = {978-0-89871-389-3 978-1-61197-144-6},
	url = {http://epubs.siam.org/doi/book/10.1137/1.9781611971446},
	language = {en},
	urldate = {2017-12-06},
	publisher = {Society for Industrial and Applied Mathematics},
	author = {Demmel, James W.},
	month = jan,
	year = {1997},
	note = {DOI: 10.1137/1.9781611971446}
}

@article{freund_qmr:_1991,
	title = {{QMR}: a quasi-minimal residual method for non-{Hermitian} linear systems},
	volume = {60},
	issn = {0029-599X, 0945-3245},
	shorttitle = {{QMR}},
	url = {http://link.springer.com/10.1007/BF01385726},
	doi = {10.1007/BF01385726},
	language = {en},
	number = {1},
	urldate = {2017-12-06},
	journal = {Numerische Mathematik},
	author = {Freund, Roland W. and Nachtigal, No�l M.},
	month = dec,
	year = {1991},
	pages = {315--339},
	file = {[Freund_Nachtigal.1991] QMR.pdf:/home/kisung/Dropbox/V2. Applied Mathematics/P2. Numerical/S3. linsolve/[Freund_Nachtigal.1991] QMR.pdf:application/pdf}
}