@article{Iwayama2016,
author={Iwayama, Koji and Yuri Aisaka and Natsumaro Kutsuna and Nagano, Atsushi J},
title = {{FIT:statistical modeling tool for transcriptome dynamics under fluctuating field conditions}},
journal={Bioinformatics},
volume={btx049},
year = {2017}
}

% method
@article{Nelder1965,
  title={A simplex method for function minimization},
  author={Nelder, John A and Mead, Roger},
  journal={The computer journal},
  volume={7},
  number={4},
  pages={308--313},
  year={1965},
}

@article{Law2014,
title = {{voom: Precision weights unlock linear model analysis tools for RNA-seq read counts.}},
author = {Law, Charity W and Chen, Yunshun and Shi, Wei and Smyth, Gordon K},
journal = {Genome biology},
volume = {15},
number = {2},
pages = {R29},
year = {2014}
}
@article{Wang2008,
author = {Wang, Hansheng and Leng, Chenlei},
title = {{A note on adaptive group lasso}},
journal = {Computational Statistics and Data Analysis},
volume = {52},
number = {12},
pages = {5277--5286},
year = {2008}
}