% This file was created with JabRef 2.10.
% Encoding: UTF8


@Article{Boettcher2006,
  Title                    = {Reconstruction of Complex Dynamical Systems Affected by Strong Measrement Noise},
  Author                   = {B\"ottcher, Frank and Peinke, Joachim and Kleinhans, David and Friedrich, Rudolf and Lind, Pedro G. and Haase, Maria},
  Journal                  = {Physical Review Letters},
  Year                     = {2006},
  Pages                    = {090603},
  Volume                   = {97},

  Doi                      = {10.1103/PhysRevLett.97.090603}
}

@Article{Dagum1998,
  Title                    = {OpenMP: An Industry Standard {API} for Shared-memory Programming},
  Author                   = {Dagum, Leonardo and Menon, Ramesh},
  Journal                  = {Computational Science \& Engineering, IEEE},
  Year                     = {1998},
  Number                   = {1},
  Pages                    = {46--55},
  Volume                   = {5},

  Doi                      = {10.1109/99.660313},
  Publisher                = {IEEE}
}

@Article{Eddelbuettel2011,
  Title                    = {Rcpp: Seamless {R} and {C}++ Integration},
  Author                   = {Dirk Eddelbuettel and Romain Fran\c{c}ois},
  Journal                  = {Journal of Statistical Software},
  Year                     = {2011},
  Number                   = {8},
  Pages                    = {1--18},
  Volume                   = {40},

  Url                      = {http://www.jstatsoft.org/v40/i08/}
}

@Article{Eddelbuettel2014,
  Title                    = {RcppArmadillo: Accelerating {R} with High-performance {C}++ Linear Algebra},
  Author                   = {Dirk Eddelbuettel and Conrad Sanderson},
  Journal                  = {Computational Statistics and Data Analysis},
  Year                     = {2014},

  Month                    = mar,
  Pages                    = {1054--1063},
  Volume                   = {71},

  Doi                      = {10.1016/j.csda.2013.02.005}
}

@Article{Friedrich1997,
  Title                    = {Description of a Turbulent Cascade by a {Fokker-Planck} Equation},
  Author                   = {Friedrich, Rudolf and Peinke, Joachim},
  Journal                  = {Physical Review Letters},
  Year                     = {1997},
  Pages                    = {863--866},
  Volume                   = {78},

  Doi                      = {10.1103/PhysRevLett.78.863},
  Entrydate                = {2003/05/18},
  Referent                 = {Malte},
  Rubrik                   = {markov}
}

@Article{Friedrich2011,
  Title                    = {Approaching Complexity by Stochastic Methods: From Biological Systems to Turbulence},
  Author                   = {Friedrich, Rudolf and Peinke, Joachim and Sahimi, Muhammad and Reza Rahimi Tabar, M.},
  Journal                  = {Physics Reports},
  Year                     = {2011},

  Month                    = sep,
  Number                   = {5},
  Pages                    = {87--162},
  Volume                   = {506},

  Bdsk-url-1               = {http://dx.doi.org/10.1016/j.physrep.2011.05.003},
  Doi                      = {10.1016/j.physrep.2011.05.003},
  ISSN                     = {0370-1573},
  Publisher                = {Elsevier BV}
}

@Book{Gardiner2004,
  Title                    = {Handbook of Stochastic Methods},
  Author                   = {C. W. Gardiner},
  Publisher                = {Springer Verlag},
  Year                     = {2004},

  Address                  = {Berlin},
  Edition                  = {Third}
}

@Article{Hanggi1982,
  Title                    = {Stochastic Processes: Time-Evolution, Symmetries and Linear Response},
  Author                   = {P. H\"anggi and H. Thomas},
  Journal                  = {Physics Reports},
  Year                     = {1982},
  Pages                    = {207--319},
  Volume                   = {88},

  Doi                      = {10.1016/0370-1573(82)90045-X},
  Entrydate                = {2004/08/18},
  Referent                 = {Malte},
  Rubrik                   = {markov}
}

@Article{Hadjihosseini2014,
  Title                    = {Stochastic Analysis of Ocean Wave States With and Without Rogue Waves},
  Author                   = {Hadjihosseini, A. and Peinke, J. and Hoffmann, N.P.},
  Journal                  = {New Journal of Physics},
  Year                     = {2014},
  Number                   = {5},
  Pages                    = {053037},
  Volume                   = {16},

  Doi                      = {10.1088/1367-2630/16/5/053037}
}

@Article{Higham1988,
  Title                    = {Computing a Nearest Symmetric Positive Semidefinite Matrix},
  Author                   = {Higham, Nicholas J.},
  Journal                  = {Linear Algebra and its Applications},
  Year                     = {1988},

  Month                    = {May},
  Pages                    = {103â€“118},
  Volume                   = {103},

  __markedentry            = {[Philip:6]},
  Doi                      = {10.1016/0024-3795(88)90223-6},
  ISSN                     = {0024-3795},
  Publisher                = {Elsevier BV}
}

@Article{Honisch2011,
  Title                    = {Estimation of Kramers-Moyal Coefficients at Low Sampling Rates},
  Author                   = {Christoph Honisch and Rudolf Friedrich},
  Journal                  = {Physical Review E},
  Year                     = {2011},

  Month                    = jun,
  Number                   = {6},
  Pages                    = {066701},
  Volume                   = {83},

  Bdsk-url-1               = {http://dx.doi.org/10.1103/PhysRevE.83.066701},
  Doi                      = {10.1103/PhysRevE.83.066701},
  Numpages                 = {6},
  Publisher                = {American Physical Society}
}

@Article{Kleinhans2012,
  Title                    = {Estimation of Drift and Diffusion Functions from Time Series Data: A Maximum Likelihood Framework},
  Author                   = {Kleinhans, David},
  Journal                  = {Physical Review E},
  Year                     = {2012},

  Month                    = feb,
  Number                   = {2},
  Pages                    = {026705},
  Volume                   = {85},

  Doi                      = {10.1103/physreve.85.026705},
  Publisher                = {American Physical Society (APS)}
}

@Article{Kleinhans2007e,
  Title                    = {Maximum likelihood estimation of drift and diffusion functions},
  Author                   = {David Kleinhans and Rudolf Friedrich},
  Journal                  = {Physics Letters A },
  Year                     = {2007},
  Number                   = {3-4},
  Pages                    = {194--198},
  Volume                   = {368},

  Doi                      = {10.1016/j.physleta.2007.03.082}
}

@Article{Kleinhans2007d,
  Title                    = {Markov Properties in Presence of Measurement Noise},
  Author                   = {Kleinhans, David and Friedrich, Rudolf and W\"achter, Matthias and Peinke, Joachim},
  Journal                  = {Physical Review E},
  Year                     = {2007},

  Month                    = {Oct},
  Number                   = {4},
  Pages                    = {041109},
  Volume                   = {76},

  Doi                      = {10.1103/PhysRevE.76.041109},
  Issue                    = {4},
  Numpages                 = {7},
  Publisher                = {American Physical Society}
}

@Article{Lade2009a,
  Title                    = {Finite sampling interval effects in Kramers-Moyal analysis},
  Author                   = {Steven J. Lade},
  Journal                  = {Physics Letters A},
  Year                     = {2009},
  Pages                    = {3705--3709},
  Volume                   = {373},

  Doi                      = {10.1016/j.physleta.2009.08.029}
}

@Article{Lamouroux2009,
  Title                    = {Kernel-based Regression of Drift and Diffusion Coefficients of Stochastic Processes},
  Author                   = {David Lamouroux and Klaus Lehnertz},
  Journal                  = {Physics Letters A},
  Year                     = {2009},
  Pages                    = {3507--3512},
  Volume                   = {373},

  Bdsk-url-1               = {http://dx.doi.org/10.1016/j.physleta.2009.07.073},
  Doi                      = {10.1016/j.physleta.2009.07.073}
}

@Article{Lehle2013,
  Title                    = {Stochastic Time Series with Strong, Correlated Measurement Noise: {Markov} Analysis in $N$ Dimensions},
  Author                   = {Lehle, Bernd},
  Journal                  = {Journal of Statistical Physics},
  Year                     = {2013},

  Month                    = sep,
  Number                   = {6},
  Pages                    = {1145--1169},
  Volume                   = {152},

  Doi                      = {10.1007/s10955-013-0803-z},
  ISSN                     = {1572-9613},
  Publisher                = {Springer Science + Business Media}
}

@Article{Lehle2011,
  Title                    = {Analysis of Stochastic Time Series in the Presence of Strong Measurement Noise},
  Author                   = {Lehle, Bernd},
  Journal                  = {Physical Review E},
  Year                     = {2011},

  Month                    = feb,
  Number                   = {2},
  Pages                    = {021113},
  Volume                   = {83},

  Doi                      = {10.1103/physreve.83.021113},
  ISSN                     = {1550-2376},
  Numpages                 = {11},
  Publisher                = {American Physical Society (APS)}
}

@Article{Lemon2006,
  Title                    = {Plotrix: A Package in the Red Light District of {R}},
  Author                   = {Lemon, Jim},
  Journal                  = {R-News},
  Year                     = {2006},
  Number                   = {4},
  Pages                    = {8--12},
  Volume                   = {6},

  Url                      = {https://cran.r-project.org/doc/Rnews/Rnews\_2006-4.pdf}
}

@Article{Lind2010,
  Title                    = {Extracting Strong Measurement Noise from Stochastic Time Series: Applications to Empirical Data},
  Author                   = {P. G. Lind and M. Haase and F. B{\"{o}}ttcher and J. Peinke and D. Kleinhans and R. Friedrich},
  Journal                  = {Physical Review E},
  Year                     = {2010},
  Pages                    = {041125},
  Volume                   = {81},

  Doi                      = {10.1103/PhysRevE.81.041125},
  Keywords                 = {Langevin}
}

@Article{Lind2014,
  Title                    = {Fatigue Loads Estimation Through a Simple Stochastic Model},
  Author                   = {P. G. Lind and I. Herr\'aez and M. W\"achter and J. Peinke},
  Journal                  = {Energies},
  Year                     = {2014},
  Pages                    = {8279--8293},
  Volume                   = {7},

  Doi                      = {10.3390/en7128279}
}

@Manual{RCT2015,
  Title                    = {{R}: A Language and Environment for Statistical Computing},

  Address                  = {Vienna, Austria},
  Author                   = {{R Core Team}},
  Organization             = {R Foundation for Statistical Computing},
  Year                     = {2015},

  Url                      = {http://www.R-project.org/}
}

@Article{Renner2001,
  Title                    = {Experimental Indications for {Markov} Properties of Small-scale Turbulence},
  Author                   = {Ch. Renner and J. Peinke and R. Friedrich},
  Journal                  = {Journal of Fluid Mechanics},
  Year                     = {2001},
  Pages                    = {383--409},
  Volume                   = {433},

  Doi                      = {10.1017/S0022112001003597}
}

@Article{Riera2010,
  Title                    = {Validation of Drift and Diffusion Coefficients from Experimental Data},
  Author                   = {R Riera and C Anteneodo},
  Journal                  = {Journal of Statistical Mechanics: Theory and Experiment},
  Year                     = {2010},
  Number                   = {04},
  Pages                    = {P04020},
  Volume                   = {2010},

  Doi                      = {10.1088/1742-5468/2010/04/P04020}
}

@Article{Rinn2012,
  Title                    = {Stochastic Method for In-situ Damage Analysis},
  Author                   = {Rinn, P. and Hei{\ss}elmann, H. and W{\"{a}}chter, M. and Peinke, J.},
  Journal                  = {The European Physical Journal B},
  Year                     = {2012},
  Pages                    = {1--5},
  Volume                   = {86},

  Doi                      = {10.1140/epjb/e2012-30472-8},
  ISSN                     = {1434-6028},
  Issue                    = {1}
}

@Article{Rinn2016a,
  Title                    = {The Langevin Approach: An R Package for Modeling Stochastic Processes},
  Author                   = {Rinn, Philip and Lind, Pedro and W\"achter, Matthias and Peinke, Joachim},
  Journal                  = {Journal of Open Research Software},
  Year                     = {2016},
  Number                   = {1},
  Pages                    = {e34},
  Volume                   = {4},

  Doi                      = {10.5334/jors.123}
}

@Book{Risken1996,
  Title                    = {The Fokker-Planck Equation},
  Author                   = {Hannes Risken},
  Publisher                = {Springer-Verlag},
  Year                     = {1996},

  Keywords                 = {Fokker-Planck}
}

@TechReport{Sanderson2010,
  Title                    = {Armadillo: An Open Source {C}++ Linear Algebra Library for Fast Prototyping and Computationally Intensive Experiments},
  Author                   = {Conrad Sanderson},
  Institution              = {NICTA},
  Year                     = {2010},

  Url                      = {http://arma.sourceforge.net/armadillo\_nicta\_2010.pdf}
}

@Article{Scholz2015,
  Title                    = {Parameter-free Resolution of the Superposition of Stochastic Signals},
  Author                   = {Scholz, T. and Raischel, F. and Lopes, V.V. and Lehle, B. and W\"achter, M. and Peinke, J. and Lind, P.G.},
  Journal                  = {submitted},
  Year                     = {2015},

  Url                      = {http://arxiv.org/abs/1510.07285}
}

@Article{Siegert1998,
  Title                    = {Analysis of Data Sets of Stochastic Systems},
  Author                   = {S. Siegert and R. Friedrich and J. Peinke},
  Journal                  = {Physics Letters A},
  Year                     = {1998},
  Pages                    = {275--280},
  Volume                   = {243},

  Bdsk-url-1               = {http://dx.doi.org/10.1016/S0375-9601(98)00283-7},
  Doi                      = {10.1016/S0375-9601(98)00283-7}
}

@Article{Stresing2010,
  Title                    = {Towards a Stochastic Multi-point Description of Turbulence},
  Author                   = {R Stresing and J Peinke},
  Journal                  = {New Journal of Physics},
  Year                     = {2010},
  Number                   = {10},
  Pages                    = {103046},
  Volume                   = {12},

  Doi                      = {10.1088/1367-2630/12/10/103046}
}

@Book{Kampen2007,
  Title                    = {Stochastic Processes in Physics and Chemistry},
  Author                   = {Van Kampen, N.G.},
  Publisher                = {Elsevier},
  Year                     = {2007},

  Address                  = {Amsterdam},
  Edition                  = {Third},
  Series                   = {North-Holland Personal Library},

  Booktitle                = {Stochastic Processes in Physics and Chemistry (Third Edition)},
  ISSN                     = {09255818}
}

@Article{Waechter2011,
  Title                    = {Power Performance of Wind Energy Converters Characterized as Stochstic Process: Applications of the Langevin Power Curve},
  Author                   = {M. W\"achter and P. Milan and T. M\"ucke and J. Peinke},
  Journal                  = {Wind Energy},
  Year                     = {2011},
  Pages                    = {711--717},
  Volume                   = {14},

  Doi                      = {10.1002/we.453}
}

@Article{Wilcoxon1945,
  Title                    = {Individual Comparisons by Ranking Methods},
  Author                   = {F. Wilcoxon},
  Journal                  = {Biometrics},
  Year                     = {1945},
  Pages                    = {80--83},
  Volume                   = {1},

  Doi                      = {10.2307/3001968},
  Entrydate                = {2004/03/09},
  Referent                 = {Malte},
  Rubrik                   = {markov}
}

