
@article{minsker_robust_2017,
	title = {Robust and {Scalable} {Bayes} via a {Median} of {Subset} {Posterior} {Measures}},
	volume = {18},
	url = {http://jmlr.org/papers/v18/16-655.html},
	number = {124},
	journal = {Journal of Machine Learning Research},
	author = {Minsker, Stanislav and Srivastava, Sanvesh and Lin, Lizhen and Dunson, David B.},
	year = {2017},
	pages = {1--40}
}

@inproceedings{minsker_scalable_2014,
	series = {{ICML}â€™14},
	title = {Scalable and {Robust} {Bayesian} {Inference} via the {Median} {Posterior}},
	booktitle = {Proceedings of the 31st {International} {Conference} on {International} {Conference} on {Machine} {Learning} - {Volume} 32},
	publisher = {JMLR.org},
	author = {Minsker, Stanislav and Srivastava, Sanvesh and Lin, Lizhen and Dunson, David B.},
	year = {2014},
	note = {event-place: Beijing, China},
	pages = {II--1656--II--1664}
}