@ARTICLE{AllC76,
   AUTHOR = {Allison, T. and Cicchetti, D.V.},
   YEAR = 1976,
   TITLE = {Sleep in mammals: ecological and constitutional correlates},
   JOURNAL = {Science},
   VOLUME = {194},
   PAGES = {732--734}
}

@BOOK{AndH85,
   AUTHOR = {Andrews, D.F. and Herzberg, A.M.},
   YEAR = 1985,
   TITLE = {Data},
   PUBLISHER = {Springer-Verlag},
   ADDRESS = {New York},
   isbn = {978-1-4612-5098-2}
}

@BOOK{Bren73,
   AUTHOR = {Bren, R.},
   YEAR = 1973,
   TITLE = {Algorithms for Minimization without Derivatives},
   PUBLISHER = {Prentice-Hall},
   ADDRESS = {Englewood Cliffs, N.J.}
}

@article{CroR05,
  author = {Croux, C. and Ruiz-Gazen, A.},
  year = 2005,
  title = {High Breakdown Estimators for Principal Components: The Projection-Pursuit Approach Revisited},
  journal = {Journal of Multivariate Analysis},
  volume = {95},
  number = {1},
  pages = {206--226}
}

@ARTICLE{DevG75,
   AUTHOR = {Devlin, S.J. and Gnanadesikan, R. and Kettenring, J.R.},
   TITLE = {Robust Estimation and Outlier Detection with Correlation
            Coefficients},
   JOURNAL = {Biometrika},
   YEAR = {1975},
   VOLUME = {62},
   PAGES = {531--545}
}

@ARTICLE{CroH00,
   AUTHOR = {Croux, C. and Haesbroeck, G.},
   YEAR = 2000,
   TITLE = {Principal component analysis based on robust estimators of the
            covariance or correlation matrix: Influence functions and
            efficiencies},
   JOURNAL = {Biometrika},
   VOLUME = {87},
   PAGES = {603--618}
}

@ARTICLE{CroD10,
   AUTHOR = {Croux, C. and Dehon, C.},
   TITLE = {Influence functions of the {Spearman} and {Kendall} correlation
            measures},
   JOURNAL = {Statistical Methods \& Applications},
   YEAR = {2010},
   VOLUME = {19},
   PAGES = {497--515}
}

@ARTICLE{CuiH03,
   AUTHOR = {Cui, H. and He, X. and Ng, K.W.},
   YEAR = 2003,
   TITLE = {Asymptotic distributions of principal components based on
  	        robust dispersions},
   JOURNAL = {Biometrika},
   VOLUME = {90},
   NUMBER = {4},
   PAGES = {953--966}
}

@BOOK{Good00,
   AUTHOR = {Good, P.},
   YEAR = 2000,
   TITLE = {Permutation Tests: A Practical Guide to Resampling Methods
		        for Testing Hypotheses},
   edition = {2nd},
   PUBLISHER = {Springer-Verlag},
   ADDRESS = {New York}
}

@BOOK{HamR86,
   AUTHOR = {Hampel, F.R. and Ronchetti, E.M. and Rousseeuw, P.J. and Stahel, W.},
   YEAR = 1986,
   TITLE = {Robust Statistics: The Approach Based on Influence Functions},
   PUBLISHER = {John Wiley \& Sons},
   ADDRESS = {New York}
}

@book{HubR09,
  author = {Huber, P.J and Ronchetti, E.M.},
  title = {Robust Statistics},
  year = {2009},
  publisher = {John Wiley \& Sons},
  address = {New York},
  edition = {2nd},
  isbn = {978-0-470-12990-6}
}

@ARTICLE{Hube85,
   AUTHOR = {Huber, P.J.},
   YEAR = 1985,
   TITLE = {Projection pursuit},
   JOURNAL = {The Annals of Statistics},
   VOLUME = 13,
   NUMBER = 2,
   PAGES = {435--475}
}

@BOOK{JohW02,
  year = {2002},
  author = {R.A. Johnson and D.W. Wichern},
  title = {Applied Multivariate Statistical Analysis},
  edition = {5th},
  publisher = {Prentice Hall},
  address = {Upper Saddle River, New Jersey},
  isbn = {978-0-130-92553-4}
}

@ARTICLE{Maro76,
   AUTHOR = {Maronna, R.A.},
   YEAR = 1976,
   TITLE = {Robust {M}-Estimators of Multivariate Location and Scatter},
   JOURNAL = {The Annals of Statistics},
   VOLUME = 4,
   NUMBER = 1,
   PAGES = {51--67}
}

@INPROCEEDINGS{MarY98,
   AUTHOR = {Maronna, R.A. and Yohai, V.J.},
   YEAR = 1998,
   TITLE = {Robust estimation of multivariate location and scatter},
   BOOKTITLE = {Encyclopedia of Statistical Sciences},
   EDITOR = {Kotz, S. and Read, C. and Banks, D.},
   PUBLISHER = {John Wiley \& Sons},
   ADDRESS = {New York},
   PAGES = {589--596}
}

@book{MarM06,
  author = {Maronna, R. and Martin, D. and Yohai, V.},
  title = {Robust Statistics: Theory and Methods},
  publisher = {John Wiley \& Sons},
  year = {2006},
  address = {Chichester},
  isbn= {978-0-470-01092-1}
}

@ARTICLE{Most46,
  AUTHOR = {Mosteller, F.},
  YEAR = 1946,
  TITLE = {On some useful inefficient statistics},
  JOURNAL = {Annals of Mathematical Statistics},
  VOLUME = {17},
  PAGES = {377--408}
}

@ARTICLE{RamB84,
  AUTHOR = {Ramsay, J.O. and Ten Berge, J. and Styan, G.P.H.},
  YEAR = 1984,
  TITLE = {Matrix correlation},
  JOURNAL = {Psychometrika},
  VOLUME = {49},
  NUMBER = {3},
  PAGES = {403--423}
}

@ARTICLE{Rand00,
  AUTHOR =  {R.H. Randles},
  TITLE = {A Simple, affine-invariant, multivariate, distribution-free sign test},
  JOURNAL = {Journal of the American Statistical Association},
  YEAR = {2000},
  volume = {95},
  pages = {1263--1268}
}

@article{TasK03,
  author = {Taskinen, S. and Kankainen, A. and Oja, H.},
  title = {Sign Test of Independence Between Two Random Vectors},
  journal = {Statistics and Probability Letters},
  volume = {62},
  number = {1},
  pages = {9--21},
  year = {2003}
}

@ARTICLE{Wang07,
   AUTHOR = {Wang, H.},
   YEAR = 2007,
   TITLE = {A note on iterative marginal optimization: a simple algorithm
	          for maximum rank correlation estimation},
   JOURNAL = {Computational Statistics \& Data Analysis},
   VOLUME = {51},
   PAGES = {2803--2812}
}

@ARTICLE{YamS06,
   AUTHOR = {Yamada, T. and Sugiyama, T.},
   YEAR = 2006,
   TITLE = {On the permutation test in canonical correlation analysis},
   JOURNAL = {Computational Statistics \& Data Analysis},
   VOLUME = {50},
   PAGES = {2111--2123}
}

@article{BraC05,
  author = {Branco, J.A. and Croux, C. and Filzmoser, P. and Oliveira, M.R.},
  year = {2005},
  title = {Robust Canonical Correlations: A Comparative Study},
  journal = {Computational Statistics},
  volume = {20},
  number = {2},
  pages = {203--229}
}

@article{CroF07,
  author = {Croux, C. and Filzmoser, P. and Oliveira, M.},
  year = {2007},
  title = {Algorithms for Projection-Pursuit Robust Principal Component Analysis},
  journal = {Chemometrics and Intelligent Laboratory Systems},
  volume = {87},
  number = {2},
  pages = {218--225}
}

@article{SmiK09,
  title = {Matrix correlations for high-dimensional data: the modified {RV}-coefficient},
  author = {Smilde, A.K. and Kiers, H.A.L. and Bijlsma, S. and Rubingh, C.M. and van Erk, M.J.},
  journal = {Bioinformatics},
  volume = {25},
  pages = {401--405},
  year = {2009}
}

@manual{RDev,
  title = {\proglang{R}: A Language and Environment for Statistical Computing},
  author = {{\proglang{R} Core Team}},
  organization = {\proglang{R} Foundation for Statistical Computing},
  address = {Vienna, Austria},
  year = {2015},
  url = {http://www.R-project.org/}
}

@article{AlfT10,
  title = {An object-oriented framework for statistical simulation: The
           \proglang{R} package \pkg{simFrame}},
  author = {Alfons, A. and Templ, M. and Filzmoser, P.},
  journal = {Journal of Statistical Software},
  volume = {37},
  number = {3},
  pages = {1--36},
  year = {2010}
}

@manual{simFrame,
  title = {\pkg{simFrame}: Simulation framework.},
  author = {Alfons, A.},
  year = {2012},
  note = {\proglang{R} package version~0.5.0},
  url = {http://CRAN.R-project.org/package=simFrame}
}

@article{AlfCXX,
  author = {Alfons, A. and Croux, C. and Filzmoser, P.},
  title = {Robust Maximum Association Estimators},
  journal = {Journal of the American Statistical Association},
  volume = {112},
  number = {517},
  pages = {436--445},
  year = {2017}
}

@article{alfons16b,
  title = {Robust maximum association between data sets: The \proglang{R} package \pkg{ccaPP}},
  author = {Alfons, A. and Croux, C. and Filzmoser, P.},
  journal = {Austrian Journal of Statistics},
  volume = {45},
  number = {1},
  pages = {71--79},
  year = {2016}
}

@manual{ccaPP,
  title = {\pkg{ccaPP}: (Robust) Canonical Correlation Analysis via Projection Pursuit},
  author = {Alfons, A.},
  year = {2016},
  note = {\proglang{R} package version 0.3.2},
  url = {http://CRAN.R-project.org/package=ccaPP}
}

@article{Han87a,
  title = {Non-parametric analysis of a generalized regression model: The maximum rank correlation estimator},
  author = {Han, A.K.},
  journal = {Journal of Econometrics},
  volume = {35},
  pages = {303--316},
  year = {1987}
}

@article{Han87b,
  title = {A non-parametric analysis of transformations},
  author = {Han, A.K.},
  journal = {Journal of Econometrics},
  volume = {35},
  pages = {191--209},
  year = {1987}
}

@article{Sher93,
  title = {The limiting distribution of the maximum rank correlation estimator},
  author = {Sherman, R.P.},
  journal = {Econometrica},
  volume = {61},
  pages = {123--137},
  year = {1993}
}

@article{Efr83,
  title = {Estimating the error rate of a prediction rule: Improvement on cross-validation},
  author = {Efron, B.},
  journal = {Journal of the American Statistical Association},
  volume = {78},
  pages = {316--331},
  year = {1983}
}

@article{Tib96,
  Author = {Tibshirani, R.},
  Title = {Regression Shrinkage and Selection via the Lasso},
  Journal = {Journal of the Royal Statistical Society, Series B},
  Volume = {58},
  Number = {1},
  Pages = {267--288},
  Year = {1996}
}

@article{GonD08,
  author = {Gonz\'alez, I. and D\'ejean, S. and Martin, P.G.P. and Baccini, A.},
  title =	{\pkg{CCA}: An \proglang{R} Package to Extend Canonical Correlation Analysis},
  journal =	{Journal of Statistical Software},
  volume =	{23},
  number =	{12},
  pages =	{1--14},
  year = {2008}
}

@manual{CCA,
  title = {\pkg{CCA}: Canonical Correlation Analysis},
  author = {Gonz\'alez, I. and D\'ejean, S.},
  year = {2012},
  note = {\proglang{R} package version 1.2},
  url = {http://CRAN.R-project.org/package=CCA}
}

@article{KlaV13,
  author = {Klami, A. and Virtanen, S. and Kaski, S.},
  title =  {Bayesian Canonical Correlation Analysis},
  journal =	{Journal of Machine Learning Research},
  volume =	{14},
  number =	{Apr},
  pages =	{965--1003},
  year = {2013}
}

@manual{CCAGFA,
  title = {\pkg{CCAGFA}: Bayesian Canonical Correlation Analysis and Group Factor Analysis},
  author = {Virtanen, S. and Leppaaho, E. and Klami, A.},
  year = {2015},
  note = {\proglang{R} package version 1.0.7},
  url = {http://CRAN.R-project.org/package=CCAGFA}
}

@article{AlkY2011,
  author = {Alkenani, A. and Yu, K.},
  year = {2011},
  title = {A comparative study for robust canonical correlation methods},
  JOURNAL = {Journal of Statistical Computation and Simulation},
  DOI = {10.1080/00949655.2011.632775},
  note = {In press}
}

@article{Vin76,
  author = {Vinod, H.D.},
  title = {Canonical Ridge and Econometrics of Joint Production},
  journal = {Journal of Econometrics},
  volume = {4},
  number = {2},
  pages = {147--166},
  year = {1976}
}

@article{LeuM93,
  author = {Leurgans, S.E. and Moyeed, R.A. and Silverman, B.W.},
  title = {Canonical Correlation Analysis when the Data are Curves},
  journal = {Journal of the Royal Statistical Society, Series B},
  volume = {55},
  pages = {725--740},
  year = {1993}
}

@article{ParT07,
  author = {Parkhomenko, E. and Tritchler, D. and Beyene, J.},
  title = {Genome-wide sparse canonical correlation of gene expression with genotypes},
  journal = {BMC Proceedings},
  volume = {1},
  pages = {S119},
  year = {2007}
}

@article{ParT09,
  author = {Parkhomenko, E. and Tritchler, D. and Beyene, J.},
  title = {Sparse Canonical Correlation Analysis with Application to Genomic Data Integration},
  journal = {Statistical Applications in Genetics and Molecular Biology},
  volume = {8},
  number = {Article~1},
  pages = {1--34},
  year = {2009}
}

@article{WaaV08,
  author = {Waaijenborg, S. and {Verselewel~de~Witt~Hamer}, P.C. and Zwinderman, A.H.},
  title = {Quantifying the association between gene expressions and {DNA} markers by penalized canonical correlation analysis},
  journal = {Statistical Applications in Genetics and Molecular Biology},
  volume = {7},
  year = {2008}
}

@misc{WieK08,
  author = {Wiesel, A. and Kliger, M. and Hero, A.O.},
  title = {A greedy approach to sparse canonical correlation analysis},
  year = {2008},
  howpublished = {Preprint},
  url = {http://arxiv.org/abs/0801.2748v1}
}

@article{WitT09,
  author = {Witten, D.M. and Tibshirani, R. and Hastie, T.},
  title = {A Penalized Matrix Decomposition, with Applications to Sparse Principal Components and Canonical Correlation Analysis},
  journal = {Biostatistics},
  volume = {10},
  number = {3},
  pages = {515--534},
  year = {2009}
}

@techreport{WilC13,
  author = {Wilms, I. and Croux, C.},
  title = {Sparse Canonical Correlation Analysis from a Predictive Point of View},
  type = {FEB Research Report},
  number = {KBI\_1320},
  institution = {Faculty of Economics and Business, KU Leuven},
  year = {2013}
}

@article{EddS14,
  title = {\pkg{RcppArmadillo}: Accelerating \proglang{R} with High-Performance \proglang{C++} Linear Algebra},
  author = {Eddelbuettel, D. and Sanderson, C.},
  journal = {Computational Statistics \& Data Analysis},
  volume = {71},
  pages = {1054--1063},
  year = {2014}
}

@manual{RcppArmadillo,
  title = {\pkg{RcppArmadillo}: \pkg{Rcpp} Integration for \mbox{\pkg{Armadillo}} Templated Linear Algebra Library},
  author = {Eddelbuettel, D. and Fran\c{c}ois, R. and Bates, D.},
  year = {2015},
  note = {\proglang{R} package version 0.6.200.2.0},
  url = {http://CRAN.R-project.org/package=RcppArmadillo}
}

@article{Kni66,
  author = {Knight, W.R.},
  title = {A Computer Method for Calculating {Kendall}'s Tau with Ungrouped Data},
  journal = {Journal of the American Statistical Association},
  year = {1966},
  volume = {61},
  number = {314},
  pages = {436-439}
}

@article{Blo50,
  author = {Blomqvist, N.},
  title = {On a Measure of Dependence Between Two Random Variables},
  journal = {The Annals of Mathematical Statistics},
  year = {1950},
  volume = {21},
  number = {4},
  pages = {593--600}
}

@article{EcuS02,
  author = {L'Ecuyer, P. and Simard, R. and Chen, E.J. and Kelton, W.D.},
  title = {An Object-Oriented Random-Number Package with Many Long Streams and Substreams},
  journal = {Operations Research},
  year = {2002},
  volume = {50},
  number = {6},
  pages = {1073--1075}
}

@manual{microbenchmark,
  title = {\pkg{microbenchmark}: Accurate Timing Functions},
  author = {Mersmann, O.},
  year = {2014},
  note = {\proglang{R} package version 1.4-2},
  url = {http://CRAN.R-project.org/package=microbenchmark}
}

@ARTICLE{RouD99,
  AUTHOR  = {Rousseeuw, P. J. and Van Driessen, K.},
  TITLE   = {A Fast Algorithm for the Minimum Covariance Determinant Estimator},
  JOURNAL = {Technometrics},
  PAGES   = {212--223},
  YEAR    = {1999},
  VOLUME  = {41},
  NUMBER  = {3}
}
