

@article{Meuwissen2009,
author = {Meuwissen, T H E},
journal = {Acta Agriculturae Scand Section A},
pages = {71-79},
title = {Genetic Management of Small Populations: A Review},
volume = {59},
year = {2009}
}

@article{Amador2011,
author = {Amador, C. and Toro, M. A. and Fernandez, J.},
journal = {Conserv Genet},
pages = {1565-1573},
title = {Removing Exogeneous Information Using Pedigree Data},
volume = {12},
year = {2011}
}

@article{Bennewitz2008,
author = {Bennewitz, J. and Simianer, H. and Meuwissen, T. H. E.},
journal = {J Dairy Sci},
pages = {2512-2519},
title = {Investigations on Merging Breeds in Genetic Conservation Schemes.},
volume = {91},
year = {2008}
}

@article{Berg2006,
author = {Berg, P. and Nielsen, J. and S{\o}rensen, M. K.},
journal = {CD communication 27-09, 2pp. WCGALP, 2006},
pages = {246},
title = {EVA: Realized and Predicted Optimal Genetic Contributions},
year = {2006}
}

@article{Wang2016,
author = {Wang, Y. and Wellmann, R. and Bennewitz, J.},
journal = {submitted to GSE},
title = {Novel Optimum Contribution Selection Approaches that account for Conflicting Objectives
in the Conservation of Livestock Breeds with Historical Migrations},
year = {2016}
}

@article{Borchers1999,
author = {Borchers, B.},
journal = {Optimization Methods and Software},
number = {1},
pages = {613-623},
title = {CSDP, A C Library for Semidefinite Programming},
volume = {11},
year = {1999},
url = {http://euler.nmt.edu/~brian/csdppaper.pdf}
}


@article{Cervantes2011,
author = {Cervantes, I. and Goyache, F. and Molina, A. and Valera, M. and Guitérrez, J. P.},
journal = {Animal Breeding and Genetics},
title = {Estimation of effective population size from the rate of coancestry in pedigreed populations},
volume = {128},
year = {2011}
}

@article{Clark2013,
author = {Clark, S. A. and Kinghorn, B. P. and Hickey, J. M. and van der Werf, J. H. J.},
journal = {Genetics Selection Evolution},
number = {44},
title = {The Effect of Genomic Information on Optimal Contribution Selection in Livestock Breeding Programs},
volume = {45},
year = {2013}
}

@book{Fujisawa2002,
author = {Fujisawa, K. and Kojima, M. and Nakata, K. and Yamashita, M.},
publisher = {Research Reports on Mathematical and Computer Sciences. Series B: Operations Research},
title = {SDPA (SemiDefinite Programming Algorithm) user's manual - version 6.00},
year = {2002}
}

@article{Gomez2016,
author = {G\'omez-Romano, F. and Villanueva, B. and Fernández, J. and Woolliams, J. A. and Pong-Wong, R.},
journal = {Genet Sel Evol},
number = {2},
title = {The Use of Genomic Coancestry Matrices in the Optimisation of Contributions to Maintain Genetic Diversity at Specific Regions of the Genome},
volume = {48},
year = {2016}
}

@article{Hartwig2014,
author = {Hartwig, S. and Wellmann, R. and Hamann, H. and Bennewitz, J.},
journal = {Journal of Animal Breeding and Genetics},
pages = {496-503},
title = {The Contribution of Migrant Breeds to the Genetic Gain of Beef Traits of German Vorderwald and Hinterwald Cattle},
volume = {131},
year = {2014}
}

@article{Hartwig2015,
author = {Hartwig, S. and Wellmann, R. and Emmerling, R. and Hamann, H. and Bennewitz, J.},
journal = {J Dairy Sci},
pages = {2033-2038},
title = {Short Communication: Importance of Introgression for Milk Traits in the German Vorderwald and Hinterwald Cattle},
volume = {98},
year = {2015}
}

@article{Kinghorn2011,
author = {Kinghorn, B. P.},
journal = {Genetics Selection Evolution},
number = {4},
title = {An Algorithm for Efficient Constrained Mate Selection},
volume = {43},
year = {2011}
}

@techreport{Kraft1988,
author = {Kraft, D.},
institution = {DFVLR-FB 88-28, Institut fuer Dynamik der Flugsysteme, Oberpfaffenhofen, July 1988},
title = {A Software Package for Sequential Quadratic Programming},
type = {Technical Report},
year = {1988}
}

@article{Koenker2014,
author = {Koenker, R. and Mizera, I.},
journal = {Journal of Statistical Software},
number = {5},
title = {Convex Optimization in R},
volume = {60},
year = {2014}
}

@article{Meuwissen1997,
author = {Meuwissen, T. H. E.},
journal = {J. Animal Sci},
pages = {934-940},
title = {Maximising the Response of Selection with a Predefined Rate of Inbreeding},
volume = {75},
year = {1997}
}

@article{Meuwissen2002,
author = {Meuwissen, T. H. E.},
journal = {7th World Congr. on Genetics applied to Livestock production. CD-ROM communication no 23-07},
title = {GENCONT: An Operational Tool for Controlling Inbreeding in Selection and Conversion Schemes},
year = {2002}
}

@article{Pfaff2014,
author = {Pfaff, B.},
journal = {R in Finance, 16-17 May 2014. Chicago},
title = {The R Package cccp: Design for Solving Cone Constrained Convex Programs},
year = {2014}
}

@article{PongWong2007,
author = {Pong-Wong, R. and Woolliams, J. A.},
journal = {Genetics Selection Evolution},
pages = {3-25},
title = {Optimisation of Contribution of Candidate Parents to Maximise Genetic Gain and Restricting Inbreeding Using Semidefinite Programming},
volume = {39},
year = {2007}
}

@article{Price1997,
author = {Price, K. and Storn, R.},
journal = {Dr. Dobb's Journal},
pages = {18-24},
title = {Differential Evolution: Numerical Optimization Made Easy},
year = {1997}
}

@article{VanRaden2008,
author = {VanRaden, P. M.},
journal = {J Dairy Sci},
pages = {4414-4423},
title = {Efficient Methods to Compute Genomic Predictions},
volume = {91},
year = {2008}
}



@article{Wellmann2009,
author = {Wellmann, R. and Pfeiffer, I.},
journal = {Genetical Research (Camb)},
number = {34},
title = {Pedigree analysis for conservation of genetic diversity and purging},
volume = {91},
year = {2009}
}


@article{Wellmann2011,
author = {Wellmann, R. and Bennewitz, J.},
journal = {Journal of Animal Science},
title = {Identification and characterization of hierarchical structures in dog breeding schemes, a novel method applied to the Norfolk Terrier},
pages = {3846-3858},
volume = {89},
year = {2011}
}


@article{Wellmann2012,
author = {Wellmann, R. and Hartwig, S. and Bennewitz, J.},
journal = {Genetics Selection Evolution},
number = {34},
title = {Optimum Contribution Selection for Conserved Populations with Historic Migration; with Application to Rare Cattle Breeds},
volume = {44},
year = {2012}
}

@article{Wellmann2014,
author = {Wellmann, R. and Bennewitz, J. and Meuwissen, T. H.},
journal = {Genetical Research (Camb)},
title = {A unified approach to characterize and conserve adaptive and neutral genetic diversity in subdivided populations},
volume = {96},
year = {2014}
}







@Manual{alabama,
    title = {alabama: Constrained Nonlinear Optimization},
    author = {Ravi Varadhan},
    year = {2015},
    note = {R package version 2015.3-1},
    url = {https://CRAN.R-project.org/package=alabama}
  }

  @Manual{cccp,
    title = {cccp: Cone Constrained Convex Problems},
    author = {Bernhard Pfaff},
    year = {2015},
    note = {R package version 0.2-4},
    url = {https://CRAN.R-project.org/package=cccp}
  }

@Manual{GENLIB,
    title = {GENLIB: Genealogical Data Analysis},
    author = {Louis Houde and Jean-Francois Lefebvre and Valery Roy-Lagace and Sebastien Lemieux},
    year = {2015},
    note = {R package version 1.0.4},
    url = {https://CRAN.R-project.org/package=GENLIB}
  }

@Manual{kinship2,
    title = {kinship2: Pedigree Functions},
    author = {Terry M Therneau and Jason Sinnwell},
    year = {2015},
    note = {R package version 1.6.4},
    url = {https://CRAN.R-project.org/package=kinship2}
  }

