@article {Keiding91,
  AUTHOR = {Keiding, Niels},
  TITLE = {Age-specific incidence and prevalence: a statistical
    perspective},
  NOTE = {With discussion},
  JOURNAL = {J. Roy. Statist. Soc. Ser. A},
  FJOURNAL = {Journal of the Royal Statistical Society. Series A. Statistics
    in Society},
  VOLUME = {154},
  YEAR = {1991},
  NUMBER = {3},
  PAGES = {371--412},
  ISSN = {0964-1998},
  MRCLASS = {62G05 (62M99 62P10)},
  MRNUMBER = {1144166 (92k:62072)},
  DOI = {10.2307/2983150},
  URL = {http://dx.doi.org/10.2307/2983150},
}

@article{Keiding96,
  AUTHOR={Keiding, N. and Begtrup, K. and Scheike, T.H. and Hasibeder, G.},
  TITLE={Estimation from Current Status Data in Continuous Time},
  YEAR={1996},
  JOURNAL={Lifetime Data Anal.},
  FJOURNAL={Lifetime Data Analysis},
  VOLUME={2},
  PAGES={119--129},
}

@article{GroeneboomHendrickx2017,
	AUTHOR = {Groeneboom, P. and Hendrickx, K.},
	TITLE = {The nonparametric bootstrap for the current status model},
	JOURNAL = {Electron. J. Statist.},
	FJOURNAL = {Electronic Journal of Statistics},
	YEAR = {2017},
	VOLUME = {11},
	NUMBER = {2},
	PAGES = {3446-3484},
	ISSN = {1935-7524},
	DOI = {10.1214/17-EJS1345},
	SICI = {1935-7524(2017)11:2<3446:TNBFTC>2.0.CO;2-M},
}


@book {GrWe92,
	AUTHOR = {Groeneboom, P. and Wellner, J.A.},
	TITLE = {Information bounds and nonparametric maximum likelihood
	estimation},
	SERIES = {DMV Seminar},
	VOLUME = {19},
	PUBLISHER = {Birkh\"auser Verlag},
	ADDRESS = {Basel},
	YEAR = {1992},
	PAGES = {viii+126},
	ISBN = {3-7643-2794-4},
	MRCLASS = {62G05 (62G20 62P10)},
	MRNUMBER = {1180321 (94k:62056)},
	MRREVIEWER = {Jack Cuzick},
}

@book {piet_geurt14,
	AUTHOR = {Groeneboom, P. and Jongbloed, G.},
	TITLE = {Nonparametric Estimation under Shape Constraints},
	PUBLISHER =  {Cambridge Univ. Press},
	ADDRESS = {Cambridge},
	YEAR = {2014},
}
