@manual{Sarkar:lattice,
	Author = {Deepayan Sarker},
	Title = {\pkg{lattice}: Lattice Graphics},
	Note = {\proglang{R} package version 0.13-10},
	Year = {2006}}

@article{Murrell99,
	Author = {Paul Murrell},
	Journal = {Journal of Computational and Graphical Statistics},
	Pages = {121--134},
	Title = {Layouts: A Mechanism for Arranging Plots on a Page},
	Volume = {8},
	Year = {1999}}

@manual{gridpkg,
	Author = {Paul Murrell},
	Note = {\proglang{R} package version 2.3.1},
	Title = {The Grid Graphics Package},
	Year = {2006}}

@misc{Murrell06:modgrobs,
	Author = {Paul Murrell},
	Note = {\proglang{R} \pkg{grid} package vignette},
	Title = {Modifying \pkg{grid} \code{grob}s},
	Year = {2006}}

@manual{R,
	Address = {Vienna, Austria},
	Author = {{\proglang{R} Development Core Team}},
	Note = {{ISBN} 3-900051-07-0},
	Organization = {\proglang{R} Foundation for Statistical Computing},
	Title = {\proglang{R}: A Language and Environment for Statistical Computing},
	Url = {http://www.R-project.org/},
	Year = {2006}}

@misc{Murrell06:VP,
	Author = {Paul Murrell},
	Note = {\proglang{R} \pkg{grid} package vignette},
	Title = {Working with \pkg{grid} Viewports},
	Year = {2006}}

@misc{Murrell06:editgrobs,
	Author = {Paul Murrell},
	Note = {\proglang{R} \pkg{grid} package vignette},
	Title = {An Example of Interactive Graphics Editing in \pkg{grid}},
	Year = {2006}}

@book{Murrell05,
	Address = {Boca Raton, Florida},
	Author = {Paul Murrell},
	Publisher = {Chapman \& Hall/CRC},
	Title = {\proglang{R} Graphics},
	Year = 2005}

@manual{WarnesLeisch05,
	Author = {Gregory Warnes and Friedrich Leisch},
	Note = {\proglang{R} package version 1.2.0},
	Title = {\pkg{genetics}: Population Genetics},
	Year = {2005}}

@article{Lewontin64,
	Author = {Lewontin, R.C.},
	Journal = {Genetics},
	Pages = {49--67},
	Title = {The Interaction of Selection and Linkage. I. General Considerations; Heterotic Models},
	Volume = {49},
	Year = {1964}}

@article{PritchardPrzeworski01,
	Author = {Pritchard, J.K. and Przeworski, M.},
	Journal = {The American Journal of Human Genetics},
	Pages = {1--14},
	Title = {Linkage Disequilibrium in Humans: Models and Data},
	Volume = {69},
	Year = {2001}}

@article{HapMap03,
	Author = {{The International HapMap Consortium}},
	Journal = {Nature},
	Pages = {789--796},
	Title = {The International HapMap Project},
	Volume = {426},
	Year = {2003}}

@article{HapMap05,
	Author = {{The International HapMap Consortium}},
	Journal = {Nature},
	Pages = {1299--1320},
	Title = {A Haplotype Map of the Human Genome},
	Volume = {437},
	Year = {2005}}
