@article{turner2012bradley,
  title={Bradley-Terry models in R: the BradleyTerry2 package},
  author={Turner, Heather and Firth, David and others},
  journal={Journal of Statistical Software},
  volume={48},
  number={9},
  year={2012},
  publisher={Citeseer}
}

@article{davidson1970extending,
  title={On extending the Bradley-Terry model to accommodate ties in paired comparison experiments},
  author={Davidson, Roger R},
  journal={Journal of the American Statistical Association},
  volume={65},
  number={329},
  pages={317--328},
  year={1970},
  publisher={Taylor \& Francis Group}
}

@article{bradley1952rank,
  title={Rank analysis of incomplete block designs: I. The method of paired comparisons},
  author={Bradley, Ralph Allan and Terry, Milton E},
  journal={Biometrika},
  volume={39},
  number={3/4},
  pages={324--345},
  year={1952},
  publisher={JSTOR}
}


@book{agresti2003categorical,
  title={Categorical data analysis},
  author={Agresti, Alan},
  volume={482},
  year={2003},
  publisher={John Wiley \& Sons}
}

@Misc{rstan,
    title = {{RStan}: the {R} interface to {Stan}},
    author = {{Stan Development Team}},
    note = {R package version 2.19.3},
    year = {2020},
    url = {https://mc-stan.org/},
  }

@article{cattelan2012models,
  title={Models for paired comparison data: A review with emphasis on dependent data},
  author={Cattelan, Manuela},
  journal={Statistical Science},
  pages={412--433},
  year={2012},
  publisher={JSTOR}
}

@Article{tidyverse2019,
    title = {Welcome to the {tidyverse}},
    author = {Hadley Wickham and Mara Averick and Jennifer Bryan and Winston Chang and Lucy D'Agostino McGowan and Romain François and Garrett Grolemund and Alex Hayes and Lionel Henry and Jim Hester and Max Kuhn and Thomas Lin Pedersen and Evan Miller and Stephan Milton Bache and Kirill Müller and Jeroen Ooms and David Robinson and Dana Paige Seidel and Vitalie Spinu and Kohske Takahashi and Davis Vaughan and Claus Wilke and Kara Woo and Hiroaki Yutani},
    year = {2019},
    journal = {Journal of Open Source Software},
    volume = {4},
    number = {43},
    pages = {1686},
  }


@InCollection{knitr2014,
    booktitle = {Implementing Reproducible Computational Research},
    editor = {Victoria Stodden and Friedrich Leisch and Roger D. Peng},
    title = {knitr: A Comprehensive Tool for Reproducible Research in {R}},
    author = {Yihui Xie},
    publisher = {Chapman and Hall/CRC},
    year = {2014},
    note = {ISBN 978-1466561595},
  }

@Manual{kableExtra2020,
    title = {kableExtra: Construct Complex Table with 'kable' and Pipe Syntax},
    author = {Hao Zhu},
    year = {2020},
    note = {R package version 1.2.1},
    url = {https://CRAN.R-project.org/package=kableExtra},
  }

  @Manual{shinystan2018,
    title = {shinystan: Interactive Visual and Numerical Diagnostics and Posterior
Analysis for Bayesian Models},
    author = {Jonah Gabry},
    year = {2018},
    note = {R package version 2.5.0},
    url = {https://CRAN.R-project.org/package=shinystan},
  }

   @Article{bayesplot2019,
    title = {Visualization in Bayesian workflow},
    author = {Jonah Gabry and Daniel Simpson and Aki Vehtari and Michael Betancourt and Andrew Gelman},
    year = {2019},
    journal = {J. R. Stat. Soc. A},
    volume = {182},
    issue = {2},
    pages = {389-402},
  }

@article{davidson1977extending,
  title={On extending the Bradley-Terry model to incorporate within-pair order effects},
  author={Davidson, Roger R and Beaver, Robert J},
  journal={Biometrics},
  pages={693--702},
  year={1977},
  publisher={JSTOR}
}

@article{springall1973response,
  title={Response Surface Fitting Using a Generalization of the Bradley-Terry Paired Comparison Model},
  author={Springall, A},
  journal={Journal of the Royal Statistical Society: Series C (Applied Statistics)},
  volume={22},
  number={1},
  pages={59--68},
  year={1973},
  publisher={Wiley Online Library}
}

@article{bockenholt2001hierarchical,
  title={Hierarchical modeling of paired comparison data.},
  author={B{\"o}ckenholt, Ulf},
  journal={Psychological Methods},
  volume={6},
  number={1},
  pages={49},
  year={2001},
  publisher={American Psychological Association}
}
