@article{boyd2011distributed,
 title={Distributed optimization and statistical learning via the alternating direction method of multipliers},
 author={Boyd, Stephen and Parikh, Neal and Chu, Eric and Peleato, Borja and Eckstein, Jonathan and others},
 journal={Foundations and Trends{\textregistered} in Machine Learning},
 volume={3},
 number={1},
 pages={1--122},
 year={2011},
 publisher={Now Publishers, Inc.}
}
@article{polson2015proximal,
 title={Proximal algorithms in statistics and machine learning},
 author={Polson, Nicholas G and Scott, James G and Willard, Brandon T and others},
 journal={Statistical Science},
 volume={30},
 number={4},
 pages={559--581},
 year={2015},
 publisher={Institute of Mathematical Statistics}
}
@article{marjanovic2012l_q,
 title={On $ l\_q $ optimization and matrix completion},
 author={Marjanovic, Goran and Solo, Victor},
 journal={IEEE Transactions on signal processing},
 volume={60},
 number={11},
 pages={5714--5724},
 year={2012},
 publisher={IEEE}
}
@article{zou2005regularization,
 title={Regularization and variable selection via the elastic net},
 author={Zou, Hui and Hastie, Trevor},
 journal={Journal of the Royal Statistical Society: Series B (Statistical Methodology)},
 volume={67},
 number={2},
 pages={301--320},
 year={2005},
 publisher={Wiley Online Library}
}
@article{roth20175glasso,
 title={STAT 8931 notes on an algorithm to compute the Lasso-penalized Gaussian likelihood precision matrix estimator},
 author={Rothman, Adam},
 year={2017},
}
@article{bien2011sparse,
 title={Sparse estimation of a covariance matrix},
 author={Bien, Jacob and Tibshirani, Robert J},
 journal={Biometrika},
 volume={98},
 number={4},
 pages={807--820},
 year={2011},
 publisher={Oxford University Press}
}
@article{marjanovic2012l_q,
 title={On $ l\_q $ optimization and matrix completion},
 author={Marjanovic, Goran and Solo, Victor},
 journal={IEEE Transactions on signal processing},
 volume={60},
 number={11},
 pages={5714--5724},
 year={2012},
 publisher={IEEE}
}
@inproceedings{chandrasekaran2010latent,
 title={Latent variable graphical model selection via convex optimization},
 author={Chandrasekaran, Venkat and Parrilo, Pablo A and Willsky, Alan S},
 booktitle={Communication, Control, and Computing (Allerton), 2010 48th Annual Allerton Conference on},
 pages={1610--1613},
 year={2010},
 organization={IEEE}
}
@article{fan2013large,
 title={Large covariance estimation by thresholding principal orthogonal complements},
 author={Fan, Jianqing and Liao, Yuan and Mincheva, Martina},
 journal={Journal of the Royal Statistical Society: Series B (Statistical Methodology)},
 volume={75},
 number={4},
 pages={603--680},
 year={2013},
 publisher={Wiley Online Library}
}
@incollection{hu2016admm,
 title={ADMM algorithmic regularization paths for sparse statistical machine learning},
 author={Hu, Yue and Chi, Eric C and Allen, Genevera I},
 booktitle={Splitting Methods in Communication, Imaging, Science, and Engineering},
 pages={433--459},
 year={2016},
 publisher={Springer}
}
@article{banerjee2008model,
 title={Model selection through sparse maximum likelihood estimation for multivariate gaussian or binary data},
 author={Banerjee, Onureena and Ghaoui, Laurent El and dâ€™Aspremont, Alexandre},
 journal={Journal of Machine learning research},
 volume={9},
 number={Mar},
 pages={485--516},
 year={2008}
}
@article{tibshirani1996regression,
 title={Regression shrinkage and selection via the lasso},
 author={Tibshirani, Robert},
 journal={Journal of the Royal Statistical Society. Series B (Methodological)},
 pages={267--288},
 year={1996},
 publisher={JSTOR}
}
@article{meinshausen2006high,
 title={High-dimensional graphs and variable selection with the lasso},
 author={Meinshausen, Nicolai and B{\"u}hlmann, Peter},
 journal={The annals of statistics},
 pages={1436--1462},
 year={2006},
 publisher={JSTOR}
}
@article{witten2011new,
 title={New insights and faster computations for the graphical lasso},
 author={Witten, Daniela M and Friedman, Jerome H and Simon, Noah},
 journal={Journal of Computational and Graphical Statistics},
 volume={20},
 number={4},
 pages={892--900},
 year={2011},
 publisher={Taylor \& Francis}
}
@article{friedman2008sparse,
 title={Sparse inverse covariance estimation with the graphical lasso},
 author={Friedman, Jerome and Hastie, Trevor and Tibshirani, Robert},
 journal={Biostatistics},
 volume={9},
 number={3},
 pages={432--441},
 year={2008},
 publisher={Oxford University Press}
}
@article{yang2015fused,
 title={Fused multiple graphical lasso},
 author={Yang, Sen and Lu, Zhaosong and Shen, Xiaotong and Wonka, Peter and Ye, Jieping},
 journal={SIAM Journal on Optimization},
 volume={25},
 number={2},
 pages={916--943},
 year={2015},
 publisher={SIAM}
}
@article{price2015ridge,
 title={Ridge fusion in statistical learning},
 author={Price, Bradley S and Geyer, Charles J and Rothman, Adam J},
 journal={Journal of Computational and Graphical Statistics},
 volume={24},
 number={2},
 pages={439--454},
 year={2015},
 publisher={Taylor \& Francis}
}
@article{tibshirani2012strong,
 title={Strong rules for discarding predictors in lasso-type problems},
 author={Tibshirani, Robert and Bien, Jacob and Friedman, Jerome and Hastie, Trevor and Simon, Noah and Taylor, Jonathan and Tibshirani, Ryan J},
 journal={Journal of the Royal Statistical Society: Series B (Statistical Methodology)},
 volume={74},
 number={2},
 pages={245--266},
 year={2012},
 publisher={Wiley Online Library}
}
@article{ghaoui2010safe,
 title={Safe feature elimination for the lasso and sparse supervised learning problems},
 author={Ghaoui, Laurent El and Viallon, Vivian and Rabbani, Tarek},
 journal={arXiv preprint arXiv:1009.4219},
 year={2010}
}
@article{osborne2000lasso,
 title={On the lasso and its dual},
 author={Osborne, Michael R and Presnell, Brett and Turlach, Berwin A},
 journal={Journal of Computational and Graphical statistics},
 volume={9},
 number={2},
 pages={319--337},
 year={2000},
 publisher={Taylor \& Francis}
}
