@String{CRAN = "https://cran.r-project.org/" }
@String{manuals = "https://cran.r-project.org/doc/manuals/" }
@String{RCoreTeam = "{R Development Core Team}" }
@String{RFoundation = "R Foundation for Statistical Computing" }
@String{R-Forge = "https://R-Forge.R-Project.org/" }

@article{Akaike74,
    abstract = "CCNLab BibTeX",
    author = "H. Akaike",
    journal = "IEEE Transaction on Automatic Control",
    keywords = "imported",
    pages = "716--723",
    title = "{A new look at the statistical mode identification}",
    volume = "19",
    year = "1974"
}

@article{azzalini1990,
  title={A look at some data on the Old Faithful geyser},
  author={Azzalini, Adelchi and Bowman, Adrian W},
  journal={Applied Statistics},
  pages={357--365},
  year={1990},
  publisher={JSTOR}
}

@article{Baldi,
    author = "Pierre Baldi and Kurt Hornik",
    journal = "Neural Networks",
    number = "1",
    pages = "53--58",
    title = "{Neural networks and principal component analysis: Learning from examples without local minima}",
    volume = "2",
    year = "1989"
}

@article{baudry2015,
  title={EM for mixtures},
  author={Baudry, Jean-Patrick and Celeux, Gilles},
  journal={Statistics and Computing},
  volume={25},
  number={4},
  pages={713--726},
  year={2015},
  publisher={Springer}
}

@article{BES95,
    author = "P. Besse and F. Ferraty",
    journal = "Computational Statistics",
    number = "4",
    pages = "339--351",
    title = "{A fixed effect curvilinear model}",
    volume = "10",
    year = "1995"
}

@book{BISHOP95,
    address = "Berlin",
    author = "C. M. Bishop",
    publisher = "Springer",
    title = "{Pattern recognition and machine learning, information science and statistics}",
    year = "2006"
}

@article{Bei,
    author = "Bei-Wei Lu and Lionel Pandolfo1",
    journal = "Neural Networks",
    number = "2",
    pages = "159--170",
    title = "{Quasi-objective nonlinear principal component analysis}",
    volume = "24",
    year = "2010"
}

@article{Bouveyron2007,
    author = "C. Bouveyron and S. Girard and C. Schmid",
    journal = "Computational Statistics \& Data Analysis",
    keywords = "Model-based clustering",
    month = "sep",
    number = "1",
    pages = "502--519",
    title = "{High-dimensional data clustering}",
    url = "http://www.sciencedirect.com/science/article/B6V8V-4N3GF98-3/1/99c5fa0e6a56e6b9219221f8a265db9a",
    volume = "52",
    year = "2007"
}

@article{Bouveyron2011,
    author = "Charles Bouveyron and Gilles Celeux and St{\'e}phane Girard",
    journal = "Pattern Recognition Letters",
    number = "14",
    pages = "1706--1713",
    title = "{Intrinsic dimension estimation by maximum likelihood in isotropic probabilistic PCA.}",
    volume = "32",
    year = "2011"
}

@Article{Brent1973,
  author =       "Richard P. Brent",
  title =        "Some Efficient Algorithms for Solving Systems of
                 Nonlinear Equations",
  journal =      "j-SIAM-J-NUMER-ANAL",
  volume =       "10",
  number =       "2",
  pages =        "327--344",
  month =        apr,
  year =         "1973",
  CODEN =        "SJNAAM",
  ISSN =         "0036-1429 (print), 1095-7170 (electronic)",
  ISSN-L =       "0036-1429",
  bibdate =      "Fri Oct 16 06:57:22 MDT 1998",
  bibsource =    "http://www.math.utah.edu/pub/tex/bib/siamjnumeranal.bib;
                 JSTOR database",
  fjournal =     "SIAM Journal on Numerical Analysis",
}
@article{Caussinus,
    author = "H. Caussinus and A. Ruiz-Gazen",
    journal = "Data science and its Applications, Harcourt Brace Japan",
    pages = "177--192",
    title = "{Metrics for finding typical structures by means of Principal Component Analysis}",
    year = "1995"
}

@article{Celeux92,
  author = {Celeux,G. and Govaert, G.},
  title = {A Classification {EM} Algorithm for Clustering and Two Stochastic Versions},
  journal = {Computational Statistics and Data Analysis},
  year = {1992},
  volume = {14},
  number = {3},
  pages = {315-332}
}

@article{DEL01,
    author = "P. Delicado",
    journal = "Journal of Multivariate Analysis",
    pages = "84--116",
    title = "{Another look at Principal curves and surfaces}",
    volume = "77",
    year = "2001"
}

@article {Dempster97,
author = {Dempster, A.P. and Laird, N.M. and Rubin, D.B.},
title = {Maximum Likelihood from Incomplete Data with the EM Algorithm (with discussion)},
journal = {Journal of the Royal Statistical Society, Series B},
volume = {39},
pages = {1},
year = {1997}
}

@article{detrano1989international,
  title={International application of a new probability algorithm for the diagnosis of coronary artery disease},
  author={Detrano, Robert and Janosi, Andras and Steinbrunn, Walter and Pfisterer, Matthias and Schmid, Johann-Jakob and Sandhu, Sarbjit and Guppy, Kern H and Lee, Stella and Froelicher, Victor},
  journal={American Journal of Cardiology},
  volume={64},
  number={5},
  pages={304--310},
  year={1989},
  publisher={Elsevier}
}

@article{DUR93,
    author = "J. F. Durand",
    journal = "Computational Statistics and Data Analysis",
    pages = "423--440",
    title = "{Generalized principal component analysis with respect to instrumental variables via univariate spline transformations}",
    volume = "16",
    year = "1993"
}

@article{FISHER36,
author = {R. A. Fisher},
title = {The Use Of Multiple Measurements In Taxonomic Problems},
journal = {Annals of Eugenics},
volume = {7},
number = {2},
pages = {179-188},
year = {1936},
doi = {10.1111/j.1469-1809.1936.tb02137.x},
url = {https://onlinelibrary.wiley.com/doi/abs/10.1111/j.1469-1809.1936.tb02137.x},
eprint = {https://onlinelibrary.wiley.com/doi/pdf/10.1111/j.1469-1809.1936.tb02137.x},
abstract = {The articles published by the Annals of Eugenics (1925â€“1954) have been made available online as an historical archive intended for scholarly use. The work of eugenicists was often pervaded by prejudice against racial, ethnic and disabled groups. The online publication of this material for scholarly research purposes is not an endorsement of those views nor a promotion of eugenics in any way.}
}


@article{Fried74,
    author = "J. H. Friedman and J. W. Tukey",
    journal = "IEEE Trans. on computers",
    number = "9",
    pages = "881--890",
    title = "{A Projection Pursuit algorithm for exploratory data analysis}",
    volume = "23",
    year = "1974"
}

@article{Fried81,
    author = "J.H. Friedman and W. Stuetzle",
    journal = "Journal of the American statistical Association",
    number = "376",
    pages = "817--823",
    publisher = "Taylor \& Francis",
    title = "{Projection pursuit regression}",
    volume = "76",
    year = "1981"
}

@article{Fried87,
    author = "J.H. Friedman",
    journal = "Journal of the American statistical association",
    number = "397",
    pages = "249--266",
    publisher = "Taylor \& Francis",
    title = "{Exploratory projection pursuit}",
    volume = "82",
    year = "1987"
}

@book{Gersho,
    address = "Amsterdam",
    author = "A. Gersho and R. M. Gray",
    publisher = "Kluwer Academic Publishers",
    title = "{Vector Quantization and Signal Compression}",
    year = "1992"
}

@article{CS,
    author = "S. Girard",
    journal = "Computational Statistics",
    number = "2",
    pages = "145--167",
    title = "{A nonlinear PCA based on manifold approximation}",
    volume = "15",
    year = "2000"
}

@article{Garcia2008,
    author = "J. Garcia and N. Sanchez and R. Velasquez",
    journal = "Rev.Mex.Astron.Astrofis. 45 (2009) 13-24",
    month = "sep",
    title = "{Quantitative Stellar Spectral Classification. IV. Application to the Open Cluster IC 2391}",
    url = "http://arxiv.org/abs/0809.4188v1; http://arxiv.org/pdf/0809.4188v1",
    year = "2008"
}

@article{GI,
    author = "S. Girard and S. Iovleff",
    journal = "Journal of Multivariate Analysis",
    pages = "21--39",
    title = "{Auto-Associative models and generalized principal component analysis}",
    volume = "93",
    year = "2005"
}

@article{Hall,
    author = "P. Hall",
    journal = "The Annals of Statistics",
    number = "2",
    pages = "589--605",
    title = "{On polynomial-based projection indices for exploratory projection pursuit}",
    volume = "17",
    year = "1990"
}

@book{hardle1991,
  title={Smoothing techniques: with implementation in S},
  author={H{\"a}rdle, Wolfgang},
  year={1991},
  publisher={Springer Science \& Business Media}
}

@article{HAS89,
    author = "T. Hastie and W. Stuetzle",
    journal = "Journal of the American Statistical Association",
    number = "406",
    pages = "502--516",
    title = "{Principal curves}",
    volume = "84",
    year = "1989"
}

@article{Hastie90,
    author = "T. J. Hastie and R. J. Tibshirani",
    journal = "Monographs on Statisics and Applied Probability",
    publisher = "Chapman and Hall",
    title = "{Generalized Additive Models}",
    volume = "43",
    year = "1990"
}

@book{Hastie2001,
    address = "Springer",
    author = "T. Hastie and R. Tibshinari and J. Friedman",
    edition = "Second Edition",
    publisher = "Springer Series in Statistics",
    title = "{The elements of statistical learning}",
    year = "2001"
}

@article{Hinton97,
    author = "G. E. Hinton and P. Dayan and M. Revow",
    journal = "IEEE transactions on Neural networks",
    number = "1",
    pages = "65--74",
    title = "{Modeling the manifolds of images of handwritten digits}",
    volume = "8",
    year = "1997"
}

@article{Hotel,
    author = "H. Hotelling",
    journal = "Journal of Educational Psychology",
    pages = "417--441",
    title = "{Analysis of a complex of statistical variables into principal components}",
    volume = "24",
    year = "1933"
}

@article{Huber,
    author = "P. J. Huber",
    journal = "The Annals of Statistics",
    number = "2",
    pages = "435--475",
    title = "{Projection Pursuit}",
    volume = "13",
    year = "1985"
}

@article{Iovleff2012,
    author = "S. Iovleff",
    journal = "ArXiv e-prints",
    keywords = "Statistics - Applications; Statistics - Machine Learning",
    month = "sep",
    title = "{Probabilistic Auto-Associative Models and Semi-Linear PCA}",
    year = "2012"
}

@book{Jolliffe86,
    address = "New York",
    author = "I. Jolliffe",
    publisher = "Springer-Verlag",
    title = "{Principal Component Analysis}",
    year = "1986"
}

@article{Jones,
    author = "M. C. Jones and R. Sibson",
    journal = "Journal of the Royal Statistical Society, Ser. A",
    pages = "1--36",
    title = "{What is projection pursuit?}",
    volume = "150",
    year = "1987"
}

@article{Klinke,
    author = "S. Klinke and J. Grassmann",
    journal = "Wiley Series in Probability and Statistics",
    pages = "471--496",
    title = "{Projection pursuit regression}",
    year = "2000"
}

@article{Lawrence05,
    author = "Neil Lawrence",
    journal = "J. Mach. Learn. Res",
    month = "December",
    pages = "1783--1816",
    title = "{Probabilistic Non-linear Principal Component Analysis with Gaussian Process Latent Variable Models}",
    volume = "6",
    year = "2005"
}

@incollection{Lebart00,
    author = "L. Lebart",
    booktitle = "{Data Analysis}",
    editor = "W. Gaul and O. Opitz and M. Schader",
    pages = "233--244",
    publisher = "Springer-Verlag",
    title = "{Contiguity analysis and classification}",
    year = "2000"
}

@book{McLachlanPeel00,
    author = {Mclachlan, Geoffrey and Peel, David},
    day = {02},
    edition = {1},
    howpublished = {Hardcover},
    isbn = {9780471006268},
    keywords = {kk-says, mixture, statistics},
    month = oct,
    posted-at = {2008-05-30 18:47:43},
    priority = {2},
    publisher = {Wiley-Interscience},
    series = {Wiley Series in Probability and Statistics},
    title = {{Finite Mixture Models}},
    url = {http://www.worldcat.org/isbn/0471006262},
    year = {2000}
}


@article{Pan,
    author = "J-X. Pan and W-K. Fung and K-T. Fang",
    journal = "Journal of Statistical Planning and Inference",
    number = "1",
    pages = "153--167",
    title = "{Multiple outlier detection in multivariate data using projection pursuit techniques}",
    volume = "83",
    year = "2000"
}

@article{Pearson,
    author = "K. Pearson",
    journal = "The London, Edinburgh and Dublin philosophical magazine and journal of science",
    number = "2",
    pages = "559--572",
    title = "{On lines and planes of closest fit to systems of points in space}",
    volume = "Sixth Series",
    year = "1901"
}

@book{Prautzsch2002,
    author = "R. Prautzsch and W. Boehm and M. Paluszny",
    publisher = "Springer",
    isbn = "3-540-43761-4",
    series = "{Mathematics and visualization}",
    title = "{B{\'e}zier and B-Spline Techniques}",
    year = "2002"
}

@manual{R:Main,
  title =    {R: A Language and Environment for Statistical
                  Computing},
  author =   RCoreTeam,
  organization = RFoundation,
  address =  {Vienna, Austria},
  year =     2013,
  url =      {http://www.R-project.org/},
}

@article{Roweis2000,
    author = "Sam T. Roweis and Lawrence K. Saul",
    journal = "Science",
    number = "5500",
    pages = "2323--2326",
    title = "{Nonlinear Dimensionality Reduction by Locally Linear Embedding}",
    volume = "290",
    year = "2000"
}

@incollection{Scholz2007,
    author = "M. Scholz and M. Fraunholz and J. Selbig",
    booktitle = "{Principal Manifolds for Data Visualization and Dimension Reduction, volume 28,}",
    pages = "205--222",
    publisher = "Springer-Verlag",
    title = "{Nonlinear Principal Component Analysis: Neural Network Models and Applications}",
    year = "2007"
}

@article{Schwarz1978,
    author = "G. Schwarz",
    journal = "Annals of Statistics",
    keywords = "imported",
    pages = "461--464",
    title = "{Estimating the dimension of a model}",
    volume = "6",
    year = "1978"
}

@inproceedings{Schoelkopf99,
    author = "B. Sch{\"o}lkopf and A. Smola and K.-R. M{\"u}ller",
    booktitle = "{Advances in Kernel Methods---Support Vector Learning}",
    pages = "327--352",
    title = "{Kernel Principal Component Analysis}",
    year = "1999"
}

@book{ShaweTaylor2004,
title = "Kernel Methods for Pattern Analysis",
publisher = "Cambridge University Press",
author = "J Shawe-Taylor and N Cristianini",
note = "Other identifier: 9780521813976",
year = "2004",
isbn = "0521813972",

}

@misc{stk++,
    author = "Serge Iovleff",
    howpublished = "\url{http://www.stkpp.org/}",
    title = "{The Statitiscal ToolKit}",
    year = "2012"
}

@article{Stock1999,
    author = "J. Stock and M. Stock",
    journal = "Revista Mexican de Astronomia y Astrofisica",
    pages = "143--156",
    title = "{Quantitative stellar spectral classification}",
    volume = "34",
    year = "1999"
}

@article{Stock2008,
    author = "M. J. Stock and J. Stock and J. Garcia and N. Sanchez",
    journal = "Rev.Mex.Astron.Astrofis. 38 (2002) 127-140",
    month = "may",
    title = "{Quantitative Stellar Spectral Classification. II. Early Type Stars}",
    url = "http://arxiv.org/abs/astro-ph/0205315v1; http://arxiv.org/pdf/astro-ph/0205315v1",
    year = "2002"
}

@article{Stock2004,
    author = "J. Garcia and J. Stock and M. J. Stock and N. Sanchez",
    journal = "Rev.Mex.Astron.Astrofis. 41 (2005) 31-40",
    month = "oct",
    title = "{Quantitative Stellar Spectral Classification. III. Spectral Resolution}",
    url = "http://arxiv.org/abs/astro-ph/0410532v1; http://arxiv.org/pdf/astro-ph/0410532v1",
    year = "2004"
}

@article{Tenenbaum2000,
    address = "Department of Psychology, Stanford University, Stanford, CA 94305, USA. jbt@psych.stanford.edu",
    author = "J. B. Tenenbaum",
    issn = "00368075",
    journal = "Science",
    month = "December",
    number = "5500",
    pages = "2319--2323",
    title = "{A Global Geometric Framework for Nonlinear Dimensionality Reduction}",
    volume = "290",
    year = "2000"
}

@article{TB99,
    author = "M. E. Tipping and C. M. Bishop",
    journal = "Journal of the Royal Statistical Society, Ser. B",
    number = "3",
    pages = "611--622",
    title = "{Probabilistic principal component analysis}",
    volume = "61",
    year = "1999"
}

@article{Uenohara,
    author = "M. Uenohara and T. Kanade",
    journal = "IEEE Trans. on Pattern Analysis and Machine Intelligence",
    number = "8",
    pages = "891--898",
    title = "{Use of Fourier and Karhunen-Loeve decomposition for fast pattern matching with a large set of templates}",
    volume = "19",
    year = "1997"
}

@book{deBoor78,
    author = "C. de Boor",
    publisher = "Springer-Verlag",
    title = "{A practical guide to splines}",
    year = "1978"
}

@book{Gower1995,
    author = "John Clifford Gower and David J Hand",
    publisher = "Chapman \& Hall/CRC",
    title = "{Biplots}",
    volume = "54",
    year = "1995"
}

@Misc{Cpp11,
  author =       "ISO/IEC",
  organization = "{International Organization for Standardization}",
  title =        "\proglang{C++} 2011 Standard Document 14882:2011",
  howpublished = {ISO/IEC Standard Group for Information Technology / Programming Languages / C++},
  year =         2011,
  url =         "http://www.iso.org/iso/iso_catalogue/catalogue_tc/catalogue_detail.htm?csnumber=50372",
  urlansi =     "http://webstore.ansi.org/RecordDetail.aspx?sku=ISO/IEC%2014882:2011"
}

@manual{Abrahams+Grosse-Kunstleve:2003:Boost.Python,
  author =	 { David Abrahams and Ralf W. Grosse-Kunstleve },
  organization = "Boost Consulting",
  title =	 "Building Hybrid Systems with Boost.Python",
  year =	 2003,
  url =		 "http://www.boostpro.com/writing/bpl.pdf"
}

@Book{Abrahams+Gurtovoy:2004:TemplateMetaprogramming,
  author =	 {David Abrahams and Aleksey Gurtovoy},
  title =	 {{C++} {T}emplate {M}etaprogramming: Concepts, Tools
                  and Techniques from {B}oost and Beyond},
  publisher =	 {Addison-Wesley},
  year =	 2004,
  address =	 {Boston}
}

@Manual{Armstrong:2009:RAbstraction,
  title =	 {{RAbstraction}: {C++} abstraction for {R} objects},
  author =	 {Whit Armstrong},
  year =	 2009,
  note =	 {Code repository last updated 2009-07-22.},
  url =		 {http://github.com/armstrtw/rabstraction}
}

@Manual{Armstrong:2009:RObjects,
  title =	 {{RObjects}: {C++} wrapper for R objects (a better
                  implementation of {RAbstraction}},
  author =	 {Whit Armstrong},
  year =	 2009,
  note =	 {Code repository last updated 2009-11-28.},
  url =		 {http://github.com/armstrtw/RObjects}
}

@InProceedings{Bates+DebRoy:2001:C++Classes,
  author =	 {Douglas M. Bates and Saikat DebRoy},
  title =	 {{C++} Classes for {R} Objects},
  booktitle =    {Proceedings of the 2nd International Workshop on Distributed
                  Statistical Computing, March 15--17, 2001, Technische
		  Universit\"at Wien, Vienna, Austria},
  editor =       {Kurt Hornik and Friedrich Leisch},
  year =         {2001},
  url =          {http://www.ci.tuwien.ac.at/Conferences/DSC-2001/Proceedings/},
  note =         {ISSN 1609-395X}
}


@Misc{Brokken:2011:Cpp,
  author = 	 {Frank B. Brokken},
  title = 	 {C++ Annotations},
  howpublished = {Electronic book, University of Groningen},
  year = 	 2011,
  url =          {http://www.icce.rug.nl/documents/cplusplus/}
}

@Book{Chambers:2008:SoDA,
  author = 	 {John M. Chambers},
  title = 	 {Software for Data Analysis: Programming with {R}},
  publisher = 	 {Springer-Verlag},
  year = 	 2008,
  series = 	 {Statistics and Computing},
  address = 	 {Heidelberg},
  note = 	 {{ISBN} 978-0-387-75935-7}
}

@Book{Chambers:1998:PwD,
  author = 	 {John M. Chambers},
  title = 	 {Programming with Data: {A} Guide to the {S} Language},
  publisher = 	 {Springer-Verlag},
  year = 	 1998,
  address = 	 {Heidelberg},
  note = 	 {{ISBN} 978-0387985039}
}

@Manual{CRAN:RInside,
  title =	 {RInside: C++ classes to embed R in C++ applications},
  author =	 {Dirk Eddelbuettel and Romain Fran\c{c}ois},
  year =	 2012,
  note =	 {R package version 0.2.10},
  url =		 CRAN # "package=RInside"
}

@Manual{CRAN:RProtoBuf,
  title =	 {RProtoBuf: R Interface to the Protocol Buffers API},
  author =	 {Romain Fran\c{c}ois and Dirk Eddelbuettel and Murray Stokely and Jeroen Ooms},
  year =	 2014,
  note =	 {R package version 0.4.0},
  url =		 CRAN # "package=RProtoBuf"
}

@Manual{CRAN:RQuantLib,
  title =	 {RQuantLib: {R} interface to the {QuantLib} library},
  author =	 {Dirk Eddelbuettel and Khanh Nguyen},
  year =	 2014,
  note =	 {R package version 0.3.11},
  url =		 CRAN # "package=RQuantLib"
}

@Manual{CRAN:rbenchmark,
  title =	 {\pkg{rbenchmark}: Benchmarking routine for \proglang{R}},
  author =	 {Wacek Kusnierczyk},
  year =	 2012,
  note =	 {R package version 1.0.0},
  url =		 CRAN # "package=rbenchmark"
}

@Article{JSS:Rcpp,
  title =	 {{Rcpp}: Seamless {R} and {C++} Integration},
  author =	 {Dirk Eddelbuettel and Romain Fran\c{c}ois},
  journal =	 {Journal of Statistical Software},
  year =	 2011,
  volume =	 40,
  number =	 8,
  pages =	 {1--18},
  url =		 {http://www.jstatsoft.org/v40/i08/},
}

@Manual{CRAN:Rcpp,
  title =	 {{Rcpp}: Seamless {R} and {C++} Integration},
  author =	 {Dirk Eddelbuettel and Romain Fran\c{c}ois and JJ
                  Allaire and John Chambers and Douglas Bates and
                  Kevin Ushey},
  year =	 2014,
  note =	 {R package version 0.11.0},
  url =		 CRAN # "package=Rcpp"
}

@Manual{CRAN:Rcpp:Attributes,
  crossref =     {CRAN:Rcpp},
  author = 	 {J. J. Allaire and Dirk Eddelbuettel and Romain Fran\c{c}ois},
  title = 	 {{Rcpp} Attributes},
  year = 	 2013,
  note = 	 {Vignette included in R package Rcpp},
  url =		 CRAN # "package=Rcpp"
}

@Manual{CRAN:Rcpp:Modules,
  crossref =     {CRAN:Rcpp},
  author = 	 {Dirk Eddelbuettel and Romain Fran\c{c}ois},
  title = 	 {Exposing {C++} functions and classes with {Rcpp} modules},
  year = 	 2014,
  note = 	 {Vignette included in R package Rcpp},
  url =		 CRAN # "package=Rcpp"
}

@Manual{CRAN:Rcpp:Sugar,
  crossref =     {CRAN:Rcpp},
  author = 	 {Dirk Eddelbuettel and Romain Fran\c{c}ois},
  title = 	 {{Rcpp} syntactic sugar},
  year = 	 2014,
  note = 	 {Vignette included in R package Rcpp},
  url =		 CRAN # "package=Rcpp"
}

@Manual{CRAN:RcppArmadillo,
  title =	 {RcppArmadillo: Rcpp integration for Armadillo
                  templated linear algebra library},
  author =	 {Romain Fran\c{c}ois and Dirk Eddelbuettel and
                  Douglas Bates},
  year =	 2014,
  note =	 {R package version 0.4.000.2},
  url =		 CRAN # "package=RcppArmadillo"
}

@Manual{CRAN:RcppClassic,
  title =	 {RcppClassic: Deprecated 'classic' Rcpp API},
  author =	 {Dirk Eddelbuettel and Romain Fran\c{c}ois},
  year =	 2014,
  note =	 {R package version 0.9.5},
  url =		 CRAN # "package=RcppClassic"
}

@Manual{CRAN:RcppDE,
  title =	 {RcppDE: Global optimization by differential evolution in C++},
  author =	 {Dirk Eddelbuettel},
  year =	 2013,
  note =	 {R package version 0.1.2},
  url =		 CRAN # "package=RcppDE"
}

@Manual{CRAN:RcppEigen,
  title =	 {RcppEigen: Rcpp integration for the Eigen templated linear
		  algebra library},
  author =	 {Douglas Bates and Romain Fran\c{c}ois and Dirk Eddelbuettel},
  year =	 2014,
  note =	 {{R} package version 0.3.2.0.2},
  url =		 CRAN # "package=RcppEigen"
}

@Article{JSS:RcppEigen,
  title =	 {Fast and Elegant Numerical Linear Algebra Using the
                  {RcppEigen} Package},
  author =	 {Douglas Bates and Dirk Eddelbuettel},
  journal =	 {Journal of Statistical Software},
  year =	 {2013},
  volume =	 {52},
  number =	 {5},
  pages =	 {1--24},
  url =		 {http://www.jstatsoft.org/v52/i05/},
}

@Manual{CRAN:RcppExamples,
  title =	 {RcppExamples: Examples using {Rcpp} to interface {R}
                  and {C++}},
  author =	 {Dirk Eddelbuettel and Romain Fran\c{c}ois},
  year =	 2013,
  note =	 {R package version 0.1.6},
  url =		 CRAN # "package=RcppExamples"
}

@Manual{CRAN:RcppGSL,
  title =	 {RcppGSL: Rcpp integration for GNU GSL vectors and matrices},
  author = 	 {Romain Fran\c{c}ois and Dirk Eddelbuettel},
  year =	 2012,
  note =	 {R package version 0.2.0},
  url =		 CRAN # "package=RcppGSL"
}

@Manual{CRAN:Rserve,
  title =	 {Rserve: Binary R server},
  author =	 {Simon Urbanek},
  year =	 2013,
  note =	 {R package version 1.7-3},
  url =		 CRAN # "package=Rserve"
}

@Manual{CRAN:cxxPack,
  title =	 {cxxpack: {R/C++} Tools for Literate Statistical
                  Practice},
  author =	 {Dominick Samperi},
  year =	 2010,
  note =	 {R package version 7.0.6},
  url =		 CRAN # "package=cxxPack"
}

@Manual{CRAN:highlight,
  title =	 {highlight: Syntax highlighter},
  author =	 {Romain Fran\c{c}ois},
  year =	 2013,
  note =	 {R package with version 0.4.4},
  url =		 CRAN # "package=highlight"
}

@Manual{CRAN:inline,
  title =	 {inline: Inline C, C++, Fortran function calls from
                  R},
  author =	 {Oleg Sklyar and Duncan Murdoch and Mike Smith and
                  Dirk Eddelbuettel and Romain Fran\c{c}ois},
  year =	 2013,
  note =	 {R package version 0.3.13},
  url =		 CRAN # "package=inline"
}

@Manual{CRAN:Matrix,
  title =	 {\pkg{Matrix}: Sparse and Dense Matrix Classes and Methods},
  author =	 {Douglas Bates and Martin Maechler},
  year =	 2014,
  note =	 {R package version 1.1-2},
  url =		 CRAN # "package=Matrix"
}

@Manual{CRAN:minqa,
  title =	 {minqa: Derivative-free optimization algorithms by
                  quadratic approximation},
  author =	 {Douglas Bates and Katharine M. Mullen and John
                  C. Nash and Ravi Varadhan},
  year =	 2012,
  note =	 {R package version 1.2.2},
  url =		 CRAN # "package=minqa"
}

@Manual{CRAN:roxygen2,
  title =	 {roxygen2: In-source documentation for R},
  author =	 {Hadley Wickham and Peter Danenberg and Manuel Eugster},
  year =	 2014,
  note =	 {R package version 3.1.0},
  url =		 CRAN # "package=roxygen2"
}

@Manual{CRAN:MixAll,
  title =    {Clustering With MixAll},
  author =   {Serge Iovleff},
  year =     2016,
  note =     {R package version 1.1.1},
  url =      CRAN # "package=MixAll"
}


@Book{Eddelbuettel:2013:Rcpp,
  author =	 {Dirk Eddelbuettel},
  title =	 {Seamless R and C++ Integration with Rcpp},
  publisher =	 {Springer},
  series =	 {Use R!},
  year =	 2013,
  address =	 {New York},
  isbn =	 {978-1-4614-6867-7}
}

@Article{Eddelbuettel+Sanderson:2013:RcppArmadillo,
  title =	 {{RcppArmadillo}: Accelerating {R} with High-Performance {C++} Linear Algebra},
  author =	 {Dirk Eddelbuettel and Conrad Sanderson},
  journal =	 {Computational Statistics and Data Analysis},
  year =	 2014,
  volume =	 71,
  month =        {March},
  pages =        {1054--1063},
  doi =          {10.1016/j.csda.2013.02.005},
  url =          {http://dx.doi.org/10.1016/j.csda.2013.02.005}
}


; see http://eigen.tuxfamily.org/index.php?title=BibTeX
; replaced 'howpublished' with 'url' and updated year to 2011, and again to 2012
@MISC{Eigen:Web,
  author =	 {Ga\"{e}l Guennebaud and Beno\^{i}t Jacob and others},
  title =	 {Eigen v3},
  year =	 2012,
  url =		 {http://eigen.tuxfamily.org},
}

@Book{Gentleman:2009:RProgramming,
  author = 	 {Robert Gentleman},
  title = 	 {R Programming for Bioinformatics},
  publisher = 	 {Chapman \& Hall/CRC},
  year = 	 2009,
  series = 	 {Computer Science and Data Analysis},
  address = 	 {Boca Raton, FL}
}

@Article{Gropp+Lusk+Doss+Skjellum:1996:MPI,
  author = 	 {William Gropp and Ewing Lusk and Nathan Doss and Anthony Skjellum},
  title = 	 {A high-performance, portable implementation of the {MPI} message passing interface standard},
  journal = 	 {Parallel Computing},
  year = 	 1996,
  url =          {http://dx.doi.org/10.1016/0167-8191(96)00024-5},
  volume = 	 22,
  number = 	 6,
  pages = 	 {789--828}
}

@Book{Gropp+Lusk+Skjellum:1999:MPI,
  author = 	 {William Gropp and Ewing Lusk and Anthony Skjellum},
  title = 	 {Using {MPI}: Portable Parallel Programming with the Message Passing Interface},
  publisher = 	 {MIT Press},
  year = 	 1999,
  series = 	 {Scientific and Engineering Computation Series},
  edition = 	 {2nd},
  month = 	 {November},
  note = 	 {{ISBN} 978-0-262-57132-6}}

@Manual{GSL,
  title = 	{{GNU} {S}cientific {L}ibrary {R}eference {M}anual},
  author = 	{Mark Galassi and Jim Davies and James Theiler and Brian Gough and Gerard Jungman and Patrick Alken and Michael Booth and Fabrice Rossi},
  year = 	{2010},
  edition =     {3rd},
  note = 	{Version 1.14. {ISBN} 0954612078},
  url = 	{http://www.gnu.org/software/gsl}
}

@Unpublished{Java+Gaile+Manly:2007:RCpp,
  author =	 {James J. Java and Daniel P. Gaile and Kenneth
                  E. Manly},
  title =	 {{R/Cpp}: Interface Classes to Simplify Using {R}
                  Objects in {C++} Extensions},
  note =	 {Unpublished manuscript, University at Buffalo},
  url =
                  {http://sphhp.buffalo.edu/biostat/research/techreports/UB_Biostatistics_TR0702.pdf},
  month =	 {July},
  year =	 2007
}

@InProceedings{Leisch:2008:Tutorial,
  author =	 {Friedrich Leisch},
  title =	 {Tutorial on {C}reating \proglang{R} {P}ackages},
  booktitle =	 {COMPSTAT 2008 -- Proceedings in Computational
                  Statistics},
  year =	 2008,
  editor =	 {Paula Brito},
  address =	 {Heidelberg},
  publisher =	 {Physica Verlag},
  url =		 CRAN # "doc/contrib/Leisch-CreatingPackages.pdf"
}

@Manual{Liang:2008:rcppbind,
  title =	 {rcppbind: {A} template library for R/C++ developers},
  author =	 {Gang Liang},
  year =	 2008,
  note =	 {R package version 1.0},
  url =		 R-Forge # "projects/rcppbind"
}

@Book{Lippman+Lajoie+Moo:2005:Cpp_Primer,
  author = 	 {Stanley B. Lippman and Jos\'{e}e Lajoie and Barbara E. Moo},
  title = 	 {The C++ Primer},
  publisher = 	 {Addison-Wesley},
  address =	 {Boston},
  year = 	 2005,
  edition = 	 {4th}
}

@Book{Matloff:2011:ArtOfR,
  author = 	 {Norman Matloff},
  title = 	 {The Art of R Programming: A Tour of Statistical Software Design},
  publisher = 	 {No Starch Press},
  address =	 {San Francisco, CA},
  year = 	 2011
}

@book{Meyers:1995:MoreEffectiveC++,
  author =	 {Scott Meyers},
  title =	 {More Effective C++: 35 New Ways to Improve Your
                  Programs and Designs},
  year =	 1995,
  note =	 {{ISBN} 020163371X},
  publisher =	 {Addison-Wesley},
  address =	 {Boston}
}

@book{Meyers:2001:EffectiveSTL,
  author =	 {Scott Meyers},
  title =	 {Effective STL: 50 specific ways to improve your use
                  of the standard template library},
  year =	 2001,
  note =	 {{ISBN} 0-201-74962-9},
  publisher =	 {Addison-Wesley},
  address =	 {Essex}
}

@book{Meyers:2005:EffectiveC++,
  author =	 {Scott Meyers},
  title =	 {Effective C++: 55 Specific Ways to Improve Your
                  Programs and Designs},
  year =	 2005,
  note =	 {{ISBN} 978-0321334879},
  publisher =	 {Addison-Wesley},
  address =	 {Boston},
  edition =	 {3rd},
}

@Book{Plauger+Et+Al:2000:STL,
  author =	 {P.J. Plauger and Alexander Stepanov and Meng Lee and
                  David R. Musser},
  title =	 {The {C++} Standard Template Library},
  publisher =	 {Prentice Hall PTR},
  year =	 2000,
  note =	 {{ISBN} 978-0134376332},
}

@manual{R:Administration,
  author =	 RCoreTeam,
  organization = RFoundation,
  address =	 {Vienna, Austria},
  year =	 2013,
  title =	 "R Installation and Administration",
  note =	 {{ISBN} 3-900051-09-7},
  url =		 manuals # "R-admin.html"
}

@manual{R:Extensions,
  author =	 RCoreTeam,
  organization = RFoundation,
  address =	 {Vienna, Austria},
  year =	 2012,
  title =	 "Writing R extensions",
  annote =	 {{ISBN} 3-900051-11-9},
  url =		 manuals # "R-exts.html"
}

@manual{R:Internals,
  author =	 RCoreTeam,
  organization = RFoundation,
  address =	 {Vienna, Austria},
  year =	 2013,
  title =	 "R internals",
  annote =	 {{ISBN} 3-900051-14-3},
  url =		 manuals # "R-ints.html"
}

@manual{R:Language,
  author =	 RCoreTeam,
  organization = RFoundation,
  address =	 {Vienna, Austria},
  year =	 2013,
  title =	 "R language",
  annote =	 {{ISBN} 3-900051-13-5},
  url =		 manuals # "R-lang.html"
}

@Book{Venables+Ripley:2000:SProgramming,
  author = 	 {Willian N. Venables and Brian D. Ripley},
  title = 	 {S Programming},
  publisher = 	 {Springer-Verlag},
  year = 	 2000,
  series = 	 {Statistics and Computing},
  address = 	 {New York}
}

@InProceedings{Runnalls:2009:CXXR,
  author =	 {Andrew Runnalls},
  title =	 {Aspects of {CXXR} internals},
  booktitle =	 {Directions in Statistical Computing},
  address =	 {University of Copenhagen, Denmark},
  year =	 2009
}

@Manual{Samperi:2009:RcppTemplate,
  title =	 {RcppTemplate: Rcpp {R/C++} Object Mapping Library
                  and Package Template},
  author =	 {Dominick Samperi},
  year =	 2009,
  note =	 {(Archived) R package version 6.1},
  url =		 CRAN # "/src/contrib/Archive/RcppTemplate"
}

@TechReport{Sanderson:2010:Armadillo,
  author =	 {Conrad Sanderson},
  title =	 {{Armadillo}: {An} open source {C++} Algebra Library
                  for Fast Prototyping and Computationally Intensive
                  Experiments },
  institution =	 {{NICTA}},
  year =	 2010,
  url =		 "http://arma.sf.net"
}

@Book{Stroustrup:1997:Cpp,
  author = 	 {Bjarne Stroustrup},
  title = 	 {The C++ Programming Language},
  publisher = 	 {Addison-Wesley},
  address =	 {Boston},
  year = 	 1997,
  edition = 	 {3rd}
}

@Book{Stroustrup:2013:Cpp,
  author = 	 {Bjarne Stroustrup},
  title = 	 {The C++ Programming Language},
  publisher = 	 {Addison-Wesley},
  address =	 {Boston},
  year = 	 2013,
  pages =        1368,
  edition = 	 {4th}
}

@Article{TempleLang:2009:ModestProposal,
  author =	 {Duncan {Temple Lang}},
  title =	 {A modest proposal: an approach to making the
                  internal {R} system extensible},
  journal =	 {Computational Statistics},
  year =	 2009,
  volume =	 24,
  number =	 2,
  pages =	 {271-281},
  month =	 {May}
}

@Article{TempleLang:2009:RGCCTranslationUnit,
  author =	 {Duncan {Temple Lang}},
  title =	 {Working with meta-data from {C/C++} code in {R}: the
                  {RGCCTranslationUnit} package},
  journal =	 {Computational Statistics},
  year =	 2009,
  volume =	 24,
  number =	 2,
  pages =	 {283-293},
  month =	 {May}
}

@InProceedings{Maurer+Wong:2008:AttributesInC++,
  author =       {Jens Maurer and Michael Wong},
  title =        {Towards support for attributes in {C++} (Revision
                  6)},
  booktitle =    {JTC1/SC22/WG21 - The C++ Standards Committee},
  year =         {2008},
  url =
                  {http://www.open-std.org/jtc1/sc22/wg21/docs/papers/2008/n2761.pdf},
  note =         {{N2761=08-0271}}
}

@InProceedings{Urbanek:2003:Rserve,
  author =	 {Simon Urbanek},
  title =	 {{Rserve}: A Fast Way to Provide {R} Functionality to
                  Applications},
  booktitle	= {Proceedings of the 3rd International Workshop on Distributed
                   Statistical Computing, Vienna, Austria},
  editor	= {Kurt Hornik and Friedrich Leisch and Achim Zeileis},
  year		= {2003},
  url		= {http://www.ci.tuwien.ac.at/Conferences/DSC-2003/Proceedings/},
  note		= {{ISSN 1609-395X}}
}

@Book{Vandevoorde+Josuttis:2003:Templates,
  author =	 {David Vandevoorde and Nicolai M. Josuttis},
  title =	 {{C++} {T}emplates: The Complete Guide},
  publisher =	 {Addison-Wesley},
  year =	 2003,
  address =	 {Boston}
}

@inproceedings{Veldhuizen:1998:Blitz,
  author =	 {Todd L. Veldhuizen},
  title =	 {Arrays in {Blitz++}},
  booktitle =	 {ISCOPE '98: Proceedings of the Second International
                  Symposium on Computing in Object-Oriented Parallel
                  Environments},
  note =	 {{ISBN} 3-540-65387-2},
  year =	 1998,
  pages =	 {223--230},
  publisher =	 {Springer-Verlag},
  address =	 {London},
}

@misc{KDE-TechBase:2012,
  author =       {KDE-TechBase},
  title =        {Binary Compatibility Issues With {C++}},
  url  =         "http://techbase.kde.org/Policies/Binary_Compatibility_Issues_With_C++",
  year =         2012,
  note =         "[Online; accessed 24-November-2012]"
}
