%%==========================================================================
@article{Eckner2009computational,
  title={Computational Techniques for Basic Affine Models of Portfolio Credit Risk},
  author={Eckner, Andreas},
  journal={Journal of Computational Finance},
  volume={13},
  number={1},
  pages={63},
  year={2009}
}

%%==========================================================================
@article{Honore1998,
  title={Pitfalls in Estimating Jump-Diffusion Models},
  author={Honore, Peter},
  journal={Available at SSRN 61998},
  year={1998}
}

%%==========================================================================
@Manual{QUANDL,
    title = {{Quandl}: {API} Wrapper for {Q}uandl.com},
    author = {Raymond McTaggart and Gergely Daroczi},
    year = {2015},
    note = {{R} package version 2.6.0},
    url = {http://CRAN.R-project.org/package=Quandl},
  }
  
%%==========================================================================
@article{Yu2007closed,
  title={Closed-form likelihood approximation and estimation of jump-diffusions with an application to the realignment risk of the {C}hinese {Y}uan},
  author={Yu, Jialin},
  journal={Journal of Econometrics},
  volume={141},
  number={2},
  pages={1245--1280},
  year={2007},
  publisher={Elsevier}
}

%%==========================================================================
@book{Hanson2007applied,
  title={Applied Stochastic Processes and Control for Jump-Diffusions: Modeling, Analysis, and Computation},
  author={Hanson, Floyd B},
  volume={13},
  year={2007},
  publisher={SIAM}
}

