@book{de1978practical,
  title =        {A Practical Guide to Splines},
  author =       {De Boor, Carl},
  volume =       27,
  year =         1978,
  publisher =    Springer-Verlag,
  Address =      {New York},
  doi =          {10.1002/zamm.19800600129}
}

@book{eddelbuettel2013springer,
  title =        {Seamless {R} and {C++} Integration with {Rcpp}},
  author =       {Eddelbuettel, Dirk},
  year =         2013,
  publisher =    {Springer},
}

@article{eddelbuettel2014csda,
  title =        {{RcppArmadillo}: {A}ccelerating {R} with High-Performance {C++}
                  Linear Algebra},
  author =       {Dirk Eddelbuettel and Conrad Sanderson},
  journal =      {Computational Statistics and Data Analysis},
  year =         2014,
  volume =       71,
  month =        {March},
  pages =        {1054--1063},
  url =          {http://dx.doi.org/10.1016/j.csda.2013.02.005},
}

@article{meyer2008inference,
  title =        {Inference Using Shape-Restricted Regression Splines},
  author =       {Meyer, Mary C.},
  journal =      {The Annals of Applied Statistics},
  pages =        {1013--1033},
  year =         2008,
  publisher =    {JSTOR},
  doi =          {10.1214/08-AOAS167}
}

@article{ramsay1988monotone,
  title =        {Monotone Regression Splines in Action},
  author =       {Ramsay, J O},
  journal =      {Statistical Science},
  pages =        {425--441},
  year =         1988,
  publisher =    {JSTOR},
  doi =          {10.1214/ss/1177012761}
}

@article{sanderson2016armadillo,
  title =        {{Armadillo}: {A}n Open Source {C++} Linear Algebra Library for
                  Fast Prototyping and Computationally Intensive Experiments},
  author =       {Sanderson, Conrad},
  journal =      {Journal of Open Source Software},
  volume =       1,
  pages =        26,
  year =         2016,
}

@article{wang2012csda,
  title =        {Shape Restricted Nonparametric Regression with {B}ernstein
                  Polynomials},
  author =       {Wang, Jiangdian and Ghosh, Sujit K.},
  journal =      {Computational Statistics \& Data Analysis},
  volume =       56,
  number =       9,
  pages =        {2729--2741},
  year =         2012,
  publisher =    {Elsevier},
}
