@article{krleza2019latent,
  title={Latent Process Discovery Using Evolving Tokenized Transducer},
  author={Krle{\v{z}}a, Dalibor and Vrdoljak, Boris and Br{\v{c}}i{\v{c}}, Mario},
  journal={IEEE Access},
  volume={7},
  year={2019},
  publisher={IEEE}
}
@misc{van2004process,
  title={Process mining: a research agenda},
  author={Van der Aalst, Wil MP and Weijters, Anton JMM},
  year={2004},
  publisher={Elsevier}
}