@article{hodges2010adding,
  title={Adding spatially-correlated errors can mess up the fixed effect you love},
  author={Hodges, James S and Reich, Brian J},
  journal={The American Statistician},
  volume={64},
  number={4},
  pages={325--334},
  year={2010},
  publisher={Taylor \& Francis}
}


@article{hughes2013dimension,
  title={Dimension reduction and alleviation of confounding for spatial generalized linear mixed models},
  author={Hughes, John and Haran, Murali},
  journal={Journal of the Royal Statistical Society: Series B (Statistical Methodology)},
  volume={75},
  number={1},
  pages={139--159},
  year={2013},
  publisher={Wiley Online Library}
}

@article{hanks2015restricted,
  title={Restricted spatial regression in practice: geostatistical models, confounding, and robustness under model misspecification},
  author={Hanks, Ephraim M and Schliep, Erin M and Hooten, Mevin B and Hoeting, Jennifer A},
  journal={Environmetrics},
  volume={26},
  number={4},
  pages={243--254},
  year={2015},
  publisher={Wiley Online Library}
}

@article{nychka2015multiresolution,
  title={A multiresolution Gaussian process model for the analysis of large spatial datasets},
  author={Nychka, Douglas and Bandyopadhyay, Soutir and Hammerling, Dorit and Lindgren, Finn and Sain, Stephan},
  journal={Journal of Computational and Graphical Statistics},
  volume={24},
  number={2},
  pages={579--599},
  year={2015},
  publisher={Taylor \& Francis}
}

  @Misc{LatticeKrig,
    title = {LatticeKrig: Multiresolution Kriging Based on Markov Random Fields},
    author = {Douglas Nychka and Dorit Hammerling and Stephan Sain and Nathan Lenssen},
    note = {R package version 8.4},
    organization = {University Corporation for Atmospheric Research},
    address = {Boulder, CO, USA},
    year = {2016},
    url = {https://github.com/NCAR/LatticeKrig},
  }
