@article{cordeiro2016dynamic,
  title={Dynamic community detection in evolving networks using locality modularity optimization},
  author={Cordeiro, M{\'a}rio and Sarmento, Rui Portocarrero and Gama, Jo{\~a}o},
  journal={Social Network Analysis and Mining},
  volume={6},
  number={1},
  pages={1--20},
  year={2016},
  publisher={Springer Vienna}
}

@article{Rossetti:2017:TOA:3127967.3128003,
 author = {Rossetti, Giulio and Pappalardo, Luca and Pedreschi, Dino and Giannotti, Fosca},
 title = {Tiles: An Online Algorithm for Community Discovery in Dynamic Social Networks},
 journal = {Mach. Learn.},
 issue_date = {August    2017},
 volume = {106},
 number = {8},
 month = aug,
 year = {2017},
 issn = {0885-6125},
 pages = {1213--1241},
 numpages = {29},
 url = {https://doi.org/10.1007/s10994-016-5582-8},
 doi = {10.1007/s10994-016-5582-8},
 acmid = {3128003},
 publisher = {Kluwer Academic Publishers},
 address = {Hingham, MA, USA},
 keywords = {Community discovery, Dynamic networks, Social network analysis},
} 

@article{RG17,
title = {RDYN: Graph Benchmark handling Community Dynamics},
author = {Giulio Rossetti },
url = {https://academic.oup.com/comnet/article/5/6/893/3925036?guestAccessKey=c3470adf-391d-4fad-b935-63e71e4df06a},
doi = {10.1093/comnet/cnx016},
year = {2017},
date = {2017-05-29},
journal = {Journal of Complex Networks},
keywords = {},
pubstate = {published},
tppubtype = {article}
}

@article{Sarmento2019Apr,
     author = {Sarmento, Rui Portocarrero},
     title = {{Density-based Community Detection/Optimization}},
     journal = {arXiv},
     year = {2019},
     month = {Apr},
     eprint = {1904.12593},
     url = {https://arxiv.org/abs/1904.12593}
}