@Manual{RDev,
    title = {R: A Language and Environment for Statistical Computing},
    author = {{R Development Core Team}},
    organization = {R Foundation for Statistical Computing},
    address = {Vienna, Austria},
    year = {2009},
    note = {{ISBN} 3-900051-07-0},
    url = {http://www.R-project.org},
}
@Manual{robComp09,
    title = {robCompositions: Robust Estimation for Compositional Data.},
    author = {Filzmoser, P. and Hron, K. and Templ, M.},
    year = {2009},
    note = {R package version 1.1},
}
@article{Anderson52,
  author = {Anderson, T.W. and Darling, D.A.},
  title = {Asymptotic theory of certain goodness-of-fit criteria based 
  on stochastic processes},
  journal = {Annals of Mathematical Statistics},
  year = {1952},
  pages = {193--212},
  volume = {23}
}
@Book{Aitchison86,
author = {Aitchison, J.},
title = {The Statistical Analysis of Compositional Data},
publisher = {Wiley, New York},
year = {1986}
}
@article{Dempster77,
	author = {Dempster, A.P.  and Laird, N.M.  and Rubin, D.B. },
	doi = {http://dx.doi.org/10.2307/2984875},
	title = {Maximum Likelihood from Incomplete Data via the {EM} Algorithm},
	url = {http://web.mit.edu/6.435/www/Dempster77.pdf},
	journal = {J. Royal Stat. Soc.},
	volume = {39},
	pages = {1--38},
	year = {1977}
}
@article{Egozcue03,
  author = {Egozcue, J.J. and Pawlowsky-Glahn, V. and Mateu-Figueras, G. and Barcel\'{o}-Vidal, C.},
  title = {Isometric log-ratio transformations for compositional data analysis},
  journal = {Mathematical Geology},
  doi = {10.1023/A:1023818214614},
  url = {http://www.springerlink.com/content/wx1166n56n685v82/},
  year = {2003},
  pages = {279--300},
  volume = {35},
  number = {3}
}
@article{Egozcue05,
  author = {Egozcue, J.J. and Pawlowsky-Glahn},
  title = {Groups of parts and their balances in compositional data analysis},
  journal = {Mathematical Geology},
  doi = {10.1007/s11004-005-7381-9},
  url = {http://www.springerlink.com/content/fx037244708561v5/},
  year = {2005},
  pages = {795--828},
  volume = {37},
  number = {7}
}
@article{Filzmoser08,
	author = {Filzmoser, P.   and Hron, K.},
	doi = {http://dx.doi.org/10.1007/s11004-007-9141-5},
	journal = {Mathematical Geosciences},
	title = {Outlier Detection for Compositional Data Using Robust Methods},
	url = {http://www.springerlink.com/content/d662421553216861},
	pages = {233--248},
	volume = {40},
	number = {3},
	year = {2008}	
}    
@TECHREPORT{Graf06,
  AUTHOR = {Graf, M.},
  TITLE = {Swiss earnings structure survey. Compositional data in a stratified     
     two-stage sample.},
  INSTITUTION = {Swiss Federal Statistical Office},
  YEAR = {2006},
  TYPE = {Metholology Report, ISBN: 3-303-00338-6},
  URL ={http://www.bfs.admin.ch/bfs/portal/de/index/themen/00/07/blank/02.Document.77975.pdf}
}     
@TECHREPORT{Hron09,
  AUTHOR = {Hron, K. and Templ, M. and Filzmoser, P.},
  TITLE = {Imputation of compositional data using robust methods.},
  INSTITUTION = {Department of Statistics and Probability Theory, Vienna University of Technology},
  YEAR = {2008},
  TYPE = {Research Report SM-2008-4},
  URL ={http://www.statistik.tuwien.ac.at/forschung/SM/SM-2008-4complete.pdf}
} 
@Book{Little87,
author = {Little, R.J.A. and Rubin, D.B.},
title = {Statistical Analysis with Missing Data},
publisher = {Wiley},
address = {New York},
year = {1987}
}
@book{Maronna06,
 author = {Maronna, R.A. and Martin, R.D. and Yohai, V.J.},
 title = {Robust Statistics: Theory and Methods},
 Publisher = {John Wiley \& Sons, New York},
 year = {2006}
}
@INPROCEEDINGS{bren08,
  AUTHOR =       {Bren, M. and Tolosana-Delgado, R. and van~den~Boogaart, K.G.},
  editor = {Estadella, D. and Mart\'{i}n-Fern\'{a}ndez, J. and Antoni, J.},
  TITLE =        {News from compositions, the \texttt{R} package},
  BOOKTITLE =    {CoDaWork'08},
  PUBLISHER =      {Universitat de Girona. Departament d'Inform\'{a}tica i Matem\'{a}tica Aplicada},
  YEAR =         {2008}  
}
@article{Fern03,
  author = {Mart\'in-Fern\'andez, J. and Barcel\'{o}-Vidal, C. and  Pawlowsky-Glahn, V.},
  title = {Dealing with zeros and missing values in compositional data sets using
nonparametric imputation},
  journal = {Mathematical Geology},
  doi = {10.1023/A:1023866030544},
  url = {http://www.springerlink.com/content/ku816485q4264772/},
  year = {2003},
  pages = {253--278},
  volume = {35},
  number = {3}
}
@INPROCEEDINGS{Boogaart06,
  AUTHOR =       {Boogaart, K.G. and Tolosana-Delgado, R. and Bren, M.},
  editor = {Pirard, E.},
  TITLE =        {Concept for handling with zeros and missing values in compositional data},
  BOOKTITLE =    {CProceedings of IAMG'06 - The XI annual conference of the International Association
for Mathematical Geology},
  PUBLISHER =      {University of Liege, Belgium. CD-ROM.},
  note = {4 pages},
  YEAR =         {2006}  
}
@Book{P-Glahn08,
author = {Pawlowsky-Glahn, V. and Egozcue, J.J. and Tolosana-Delgado, R.},
title = {Lecture Notes on Compositional Data Analysis},
publisher = {Universitat de Girona},
url = {http://diobma.udg.edu:8080/dspace/bitstream/10256.1/297/1/CoDa-book.pdf},
year = {2008}
}
@article{Stephens74,
  author = {Stephens, M.A.},
  title = {EDF statistics for goodness of fit and some comparisons},
  journal = {J. Amer. Statist. Assoc.},
  year = {1974},
  pages = {730--737},
  volume = {69}
}
@article{Labus05,
  author = {Labus, M.},
  title = {Compositional data analysis as a tool for interpretation of rock porosity parameters},
  journal = {Geological Quarterly},
  year = {2005},
  pages = {347--354},
  volume = {49},
  number = {3}
}