@String{CRAN = "http://cran.r-project.org/" }
@String{manuals = CRAN # "doc/manuals/" }
@String{RCoreTeam = "{R Development Core Team}" }
@String{RFoundation = "R Foundation for Statistical Computing" }

@manual{R:exts,
  author =	 RCoreTeam,
  organization = RFoundation,
  address =	 {Vienna, Austria},
  year =	 2010,
  isbn =	 {3-900051-11-9},
  title =	 "Writing R Extensions",
  url =		 manuals # "R-exts.html"
}

@Manual{R:Main,
  title =	 {R: A Language and Environment for Statistical
                  Computing},
  author =	 RCoreTeam,
  organization = RFoundation,
  address =	 {Vienna, Austria},
  year =	 2010,
  note =	 {{ISBN} 3-900051-07-0},
  url =		 {http://www.R-project.org/},
}

@Manual{CRAN:inline,
  title =	 {inline: Inline C, C++, Fortran function calls from
                  R},
  author =	 {Oleg Sklyar and Duncan Murdoch and Mike Smith and
                  Dirk Eddelbuettel and Romain Fran\c{c}ois},
  year =	 2010,
  note =	 {R package version 0.3.7},
  url =		 CRAN # "/package=inline"
}

@Manual{CRAN:Rcpp,
  title = 	{Rcpp {R/C++} interface package},
  author = 	{Dirk Eddelbuettel and Romain Fran\c{c}ois},
  year = 	{2010},
  note = 	{R package version 0.8.8},
  url = 	{http://CRAN.R-project.org/package=Rcpp}
}

@Manual{CRAN:RcppArmadillo,
  title =	 {RcppArmadillo: Rcpp integration for Armadillo
                  templated linear algebra library},
  author =	 {Romain Fran\c{c}ois and Dirk Eddelbuettel and
                  Douglas Bates},
  year =	 2010,
  note =	 {R package version 0.2.9},
  url =		 CRAN # "/package=RcppArmadillo"
}

@Manual{CRAN:DEoptim,
  title = 	 {DEoptim: Global optimization by differential evolution},
  author = 	 {David Ardia and Katharine Mullen and Brian Peterson and Joshua Ulrich},
  year = 	 2010,
  note =	 {R package version 2.0-7},
  url =		 CRAN # "/package=DEoptim"
}

@Unpublished{MullenArdiaEtAl:2009:DEoptim,
  author =	 {Katherine M. Mullen and David Ardia and David L. Gil
                  and Donald Windover and James Cline},
  title =	 {{DEoptim}: An 'R' Package for Global Optimization by
                  Differential Evolution},
  note =	 {Unpublished Manuscript},
  year =	 2009,
  url =		 "http://ssrn.com/abstract=1526466"
}

@Unpublished{ArdiaBoudtCarlEtAl:2010:DEoptim,
  author =	 {David Ardia and Kris Boudt and Peter Carl and
                  Katherine M. Mullen and Brian G. Peterson},
  title =	 {Differential Evolution (DEoptim) for Non-Convex
                  Portfolio Optimization},
  note =	 {Unpublished Manuscript},
  year =	 2010,
  url =		 "http://ssrn.com/abstract=1584905"
}

@Book{PriceStornLampinen:2006:DE,
  author =	 {Kenneth V. Price and Rainer M. Storn and Jouni
                  A. Lampinen},
  title =	 {Differential Evolution -- A Practical Approach to
                  Global Optimization},
  publisher =	 {Springer},
  year =	 2006,
  address =	 {Berlin and Heidelberg},
  note =	 {ISBN 3540209506}
}

@conference{VesterstromThomsen:2004:Comparative,
  title =	 {A comparative study of differential evolution,
                  particle swarm optimization, and evolutionary
                  algorithms on numerical benchmark problems},
  author =	 {Jacob S. Vesterstrom and Ren\'{e} Thomsen},
  booktitle =	 {CEC2004: Congress on Evolutionary Computation, 2004},
  volume =	 {2},
  pages =	 {1980--1987},
  isbn =	 {0780385152},
  year =	 {2004},
  url =          "http://ieeexplore.ieee.org/stamp/stamp.jsp?tp=&arnumber=1331139",
  organization = {IEEE}
}

@article{StornPrice:1997:Differential,
  title =	 {Differential evolution--a simple and efficient
                  heuristic for global optimization over continuous
                  spaces},
  author =	 {Rainer M. Storn and Kenneth V. Price},
  journal =	 {Journal of Global Optimization},
  volume =	 {11},
  number =	 {4},
  pages =	 {341--359},
  issn =	 {0925-5001},
  year =	 {1997},
  url =          "http://www.springerlink.com/content/x555692233083677/fulltext.pdf",
  publisher =	 {Springer}
}


@TechReport{Sanderson:2010:Armadillo,
  author =	 {Conrad Sanderson},
  title =	 {{Armadillo}: {An} open source {C++} Algebra Library
                  for Fast Prototyping and Computationally Intensive
                  Experiments },
  institution =	 {{NICTA}},
  year =	 2010,
  url =		 "http://arma.sf.net"
}

@article{MullenKrayzmanLevin:2010:Atomic,
  author =	 "Katharine M. Mullen and Victor Krayzman and Igor
                  Levin",
  title =	 "{Atomic structure analysis at the nanoscale using
                  the pair distribution function: simulation studies
                  of simple elemental nanoparticles}",
  journal =	 "Journal of Applied Crystallography",
  year =	 2010,
  volume =	 43,
  number =	 3,
  pages =	 "483--490",
  month =	 "June",
  doi =		 {10.1107/S0021889810008460},
  url =		 {http://dx.doi.org/10.1107/S0021889810008460},
}

@Article{BoernerHigginsKantelhardt:2007:Rainfall,
  author =	 {Jan B\"{o}rner and Steven I. Higgins and Jochen
                  Kantelhardt and Simon Scheiter},
  title =	 {Rainfall or price variability: what determines
                  rangeland management decision? A
                  simulation-optimization approach to South African
                  savannas},
  journal =	 {Agricultural Economics},
  year =	 2007,
  volume =	 37,
  number =	 {2-3},
  pages =	 {189--200},
  month =	 {September/November},
  doi =		 {doi: 10.1111/j.1574-0862.2007.00265.x}
}

@InProceedings{BoudtPetersonCarl:2008:HFPortfolio,
  author =	 {Kris Boudt and Brian G. Peterson and Peter Carl},
  title =	 {Hedge fund portfolio selection with modified
                  expected shortfall},
  booktitle =	 {Computational Finance and its Applications III},
  year =	 2008,
  editor =	 {M. Costantino and M. Larran and C.A. Brebbia},
  volume =	 41,
  series =	 {WIT Transactions on Information and Communications
                  Technologies},
  address =	 {Southampton, UK},
  month =	 {May},
  publisher =	 {WIT Press}
}

@Manual{CRAN:micEconCES,
  title =	 {micEconCES: Analysis with the Constant Elasticity of Scale (CES) function},
  author =	 {Arne Henningsen and Geraldine Henningsen},
  year =	 2010,
  note =	 {R package version 0.6-8},
  url =		 CRAN # "/package=micEconCES"
}

@Manual{CRAN:selectMeta,
  title =	 {selectMeta: Estimation weight function in meta analysis},
  author =	 {Kaspar Rufibach},
  year =	 2010,
  note =	 {R package version 1.0.1},
  url =		 CRAN # "/package=selectMeta"
}
