@article{Phillips2011,
abstract = {},
author = {Phillips, Peter C. B. and Wu, Yangru and Yu, Jun},
doi = {10.1111/j.1468-2354.2010.00625.x},
isbn = {00206598},
issn = {00206598},
journal = {International Economic Review},
mendeley-groups = {Bubbles},
month = {feb},
number = {1},
pages = {201--226},
publisher = {Blackwell Publishing Inc},
title = {{Explosive Behavior In The 1990S Nasdaq: When Did Exuberance Escalate Asset Values?*}},
url = {http://doi.wiley.com/10.1111/j.1468-2354.2010.00625.x},
volume = {52},
year = {2011}
}


@article{Phillips2015,
abstract = {},
author = {Phillips, Peter C. B. and Shi, Shuping and Yu, Jun},
doi = {10.1111/iere.12132},
isbn = {2034323289},
issn = {00206598},
journal = {International Economic Review},
mendeley-groups = {Bubbles},
month = {nov},
number = {4},
pages = {1043--1078},
title = {{Testing For Multiple Bubbles: Historical Episodes Of Exuberance And Collapse In The S{\&}P 500}},
url = {http://doi.wiley.com/10.1111/iere.12132},
volume = {56},
year = {2015}
}

@article{Harvey2016,
abstract = {},
author = {Harvey, David I. and Leybourne, Stephen J. and Sollis, Robert and Taylor, A. M Robert},
doi = {10.1016/j.jempfin.2015.09.002},
file = {:C$\backslash$:/Users/T460p/AppData/Local/Mendeley Ltd./Mendeley Desktop/Downloaded/Harvey et al. - 2016 - Tests for explosive financial bubbles in the presence of non-stationary volatility(2).pdf:pdf},
issn = {09275398},
journal = {Journal of Empirical Finance},
keywords = {Explosive autoregression,Non-stationary volatility,Rational bubble,Right-tailed unit root testing},
mendeley-groups = {Bubbles},
number = {Part B},
pages = {548--574},
title = {{Tests for explosive financial bubbles in the presence of non-stationary volatility}},
url = {http://www.sciencedirect.com/science/article/pii/S0927539815000961},
volume = {38},
year = {2016}
}


@article{Pavlidis2016,
abstract = {},
author = {Pavlidis, Efthymios and Yusupova, Alisa and Paya, Ivan and Peel, David and Mart{\'{i}}nez-Garc{\'{i}}a, Enrique and Mack, Adrienne and Grossman, Valerie},
doi = {10.1007/s11146-015-9531-2},
file = {:C$\backslash$:/Users/T460p/AppData/Local/Mendeley Ltd./Mendeley Desktop/Downloaded/Pavlidis et al. - 2016 - Episodes of Exuberance in Housing Markets In Search of the Smoking Gun) GSADF Test on the Dallas Fed Interna(2).pdf:pdf},
isbn = {2149226367},
issn = {1573045X},
journal = {Journal of Real Estate Finance and Economics},
keywords = {Generalized sup ADF test,House prices,Mildly explosive time series,Panel GSADF,Probit model,Sup ADF test},
mendeley-groups = {Bubbles},
month = {nov},
number = {4},
pages = {419--449},
publisher = {Springer US},
title = {{Episodes of Exuberance in Housing Markets: In Search of the Smoking Gun}},
url = {http://link.springer.com/10.1007/s11146-015-9531-2},
volume = {53},
year = {2016}
}

@misc{Pavlidis2018,
abstract = {},
author = {Pavlidis, Efthymios and Mart{\'{i}}nez-Garc{\'{i}}a, Enrique and Grossman, Valerie},
booktitle = {Economic Modelling},
doi = {10.1016/j.econmod.2018.07.021},
file = {:C$\backslash$:/Users/T460p/AppData/Local/Mendeley Ltd./Mendeley Desktop/Downloaded/Pavlidis, Mart{\'{i}}nez-Garc{\'{i}}a, Grossman - 2018 - Detecting periods of exuberance A look at the role of aggregation with an application to ho.pdf:pdf},
issn = {02649993},
keywords = {Aggregation,Generalized sup ADF (GSADF) test,House prices,Mildly explosive time series,Right-tailed unit-root tests,Sup ADF (SADF) test},
mendeley-groups = {Bubbles},
month = {aug},
publisher = {North-Holland},
title = {{Detecting periods of exuberance: A look at the role of aggregation with an application to house prices}},
url = {https://www.sciencedirect.com/science/article/pii/S0264999318300968},
year = {2018}
}
