% Encoding: windows-1252

@ARTICLE{Alvarez1994,
  author = {\'{A}lvarez, L. J., and Ballabriga, F. C.},
  title = {{BVAR Models in the Context of Cointegration. A Monte Carlo Experiment}},
  journal = {Bank of Spain, Research Department},
  year = {1994},
  volume = {WP Nr. 9405},
  owner = {FELDKIRC},
  timestamp = {2013.10.30}
}


@Article{Koop2010,
  author={Koop, Gary and Korobilis, Dimitris},
  title={{Bayesian Multivariate Time Series Methods for Empirical Macroeconomics}},
  journal={Foundations and Trends(R) in Econometrics},
  year=2010,
  volume={3},
  number={4},
  pages={267-358},
  month={July}
}

@misc{matlabToolbox,
  author = {{Smith, L.V. and Galesi, A.}},
  title = {GVAR Toolbox},
  url = {https://sites.google.com/site/gvarmodelling/gvar-toolbox},
  version = {2.0},
  year= {2014}
}

@misc{Mohaddes2018,
  author = {{Mohaddes, K. and Raissi, Mehdi}},
  title = {Compilation, Revision and Updating of the Global VAR (GVAR) Database, 1979Q2-2016Q4,},
  url = {https://sites.google.com/site/gvarmodelling/data},
  institution ={University of Cambridge: Faculty of Economics (mimeo)},
  year= {2018}
}

@article{Lanne2016,
author = {Lanne, Markku and Nyberg, Henri},
title = {Generalized Forecast Error Variance Decomposition for Linear and Nonlinear Multivariate Models},
journal = {Oxford Bulletin of Economics and Statistics},
volume = {78},
number = {4},
pages = {595-603},
year = {2016}
}

@article{Arias2018,
author = {Arias, Jonas E. and Rubio-Ram√≠rez, Juan F. and Waggoner, Daniel F.},
title = {Inference Based on Structural Vector Autoregressions Identified With Sign and Zero Restrictions: Theory and Applications},
journal = {Econometrica},
volume = {86},
number = {2},
pages = {685-720},
year = {2018}
}

@ARTICLE{Egert2009,
  author = {\'{E}gert, Bal\'{a}zs and MacDonald, R.},
  title = {{Monetary Transmission Mechansims in Central and Eastern Europe:
	Surveying the Surveyable}},
  journal = {Journal of Economic Surveys},
  year = {2009},
  volume = {23},
  pages = {277-327},
  owner = {mfeldk},
  timestamp = {2012.07.23}
}

@ARTICLE{Adalet2010,
  author = {Adalet, M\"{u}ge and \"{O}z, Sumru},
  title = {{Business Cycle Dynamics in the CEE Countries: A Political Economy
	Approach}},
  journal = {T\"{u}siad-Ko\c{c} University Working Paper Series},
  year = {2010},
  volume = {1014},
  owner = {feldkirc},
  timestamp = {2012.09.11}
}

@ARTICLE{Adolfson2007,
  author = {Adolfson, Malin and Lind{\'e}, Jesper and Villani, Mattias},
  title = {Forecasting performance of an open economy DSGE model},
  journal = {Econometric Reviews},
  year = {2007},
  volume = {26},
  pages = {289--328},
  number = {2-4},
  owner = {FELDKIRC},
  publisher = {Taylor \& Francis},
  timestamp = {2014.10.22}
}

@UNPUBLISHED{Alessi2009,
  author = {Alessi, Lucia and Ba\'{n}bura, Marta},
  title = {{Comparing global macroeconomic forecasts}},
  note = {Mimeo},
  year = {2009},
  owner = {mfeldk},
  timestamp = {2013.11.17}
}

@ARTICLE{Almansour2015,
  author = {Almansour, Aseel and Aqib, Aslam and Bluedorn, John and Duttagupta,
	Rupa},
  title = {How Vulnerable Are Emerging Markets to External Shocks?},
  journal = {Journal of Policy Modeling},
  year = {2015},
  volume = {37},
  pages = {460-483},
  number = {3},
  owner = {FELDKIRC},
  timestamp = {2017.01.19}
}

@ARTICLE{Artis2008,
  author = {Artis, Michael j. and Fidrmuc, Jarko and Scharler, J.},
  title = {{The Transmission of Business Cycles}},
  journal = {The Economics of Transition},
  year = {2008},
  volume = {16},
  pages = {559-582},
  number = {3},
  owner = {feldkirc},
  timestamp = {2012.09.11}
}

@ARTICLE{Aslanidis2010,
  author = {Aslanidis, Nektarios},
  title = {{Business Cycle Synchronization between the CEEC and the Euro-Area:
	Evidence from Threshold Seemingly Unrelated Regressions}},
  journal = {The Manchester School},
  year = {2010},
  volume = {78},
  pages = {538-555},
  number = {6},
  owner = {feldkirc},
  timestamp = {2012.09.11}
}

@ARTICLE{Assenmacher-Wesche2009a,
  author = {Assenmacher-Wesche, Katrin and Pesaran, M. Hashem},
  title = {{A VECX* model of the Swiss economy}},
  journal = {Swiss National Bank Economic Studies Working Paper},
  year = {2009},
  volume = {6}
}

@ARTICLE{Assenmacher-Wesche2009,
  author = {Katrin Assenmacher-Wesche and M. Hashem Pesaran},
  title = {{Forecasting the Swiss Economy Using Vecx* Models: an Exercise in
	Forecast Combination Across Models and Observation Windows}},
  journal = {National Institute Economic Review},
  year = {2008},
  volume = {203},
  pages = {91-108},
  number = {1},
  month = {January}
}

@ARTICLE{Banbura2010,
  author = {Marta Ba{\'n}bura and Domenico Giannone and Lucrezia Reichlin},
  title = {Large Bayesian vector auto regressions},
  journal = {Journal of Applied Econometrics},
  year = {2010},
  volume = {25},
  pages = {71-92},
  number = {1}
}

@ARTICLE{Babecka2016,
  author = {{Babeck\'{a} Kuchar\v{c}ukov\'{a}}, Oxana and Claeys, Peter and Va\v{s}i\v{c}ek,
	Bo\v{r}ek},
  title = {Spillover of the ECB's monetary policy outside the euro area: How
	different is conventional from unconventional policy?},
  journal = {Journal of Policy Modeling},
  year = {2016},
  volume = {38},
  pages = {199--225},
  number = {2}
}

@ARTICLE{Babich2001,
  author = {Babich, V.},
  title = {{Monetary Transmission in Latvia}},
  journal = {Baltic Economic Trends},
  year = {2001},
  volume = {2},
  pages = {16-27},
  owner = {mfeldk},
  timestamp = {2012.07.23}
}

@ARTICLE{Backe2013,
  author = {Back\'{e}, Peter and Feldkircher, Martin and Sla\v{c}\'{i}k, T.},
  title = {{Economic Spillovers from the Euro Area to the CESEE Region via the
	Financial Channel: A GVAR Approach}},
  journal = {Focus on European Economic Integration},
  year = {2013},
  pages = {50-64},
  number = {4}
}

@ARTICLE{barbieri2004optimal,
  author = {Barbieri, Maria Maddalena and Berger, James O},
  title = {Optimal predictive model selection},
  journal = {The Annals of Statistics},
  year = {2004},
  volume = {32},
  pages = {870--897},
  number = {3},
  owner = {FELDKIRC},
  publisher = {Institute of Mathematical Statistics},
  timestamp = {2014.04.15}
}

@ARTICLE{Baumeister2013,
  author = {Baumeister, Christiane and Benati, Luca},
  title = {{Unconventional Monetary Policy and the Great Recession: Estimating
	the Macroeconomic Effects of a Spread Compression at the Zero Lower
	Bound}},
  journal = {International Journal of Central Banking},
  year = {2013},
  volume = {9},
  pages = {165-212},
  number = {2},
  month = {June}
}

@BOOK{Bauwens2000,
  title = {Bayesian inference in dynamic econometric models},
  publisher = {Oxford University Press},
  year = {2000},
  author = {Bauwens, Luc and Lubrano, Michel and Richard, Jean-Francois},
  owner = {FELDKIRC},
  timestamp = {2014.10.22}
}

@ARTICLE{Baxter2005,
  author = {Baxter, M. and M.A. Kouparitsas},
  title = {Determinants of business cycle comovement: a robust analysis},
  journal = {Journal of Monetary Economics},
  year = {2005},
  volume = {52},
  pages = {113-157},
  number = {1},
  owner = {FELDKIRC},
  timestamp = {2014.11.27}
}

@ARTICLE{Benczur2006,
  author = {Benczur, Peter, and Koren, Miklos and Ratfai, Attila},
  title = {{The Transmission of Eurozone Shocks to CEECs}},
  journal = {Central European University},
  year = {2006},
  volume = {mimeo},
  owner = {mfeldk},
  timestamp = {2012.07.23}
}

@ARTICLE{Benedictow2010,
  author = {Benedictow, Andreas and Fjaertoft, Daniel and Lofsnaes, Ole},
  title = {{Oil dependency of the Russian economy: an econometric analysis}},
  journal = {Economic Modelling},
  year = {2013},
  volume = {32},
  pages = {400-428},
  owner = {feldkirc},
  timestamp = {2012.08.23}
}

@ARTICLE{Benkovskis2011,
  author = {Benkovskis, Konstantins and Bessonovs, Andrejs and Feldkircher, Martin
	and W\"{o}rz, Julia},
  title = {{The Transmission of Euro Area Monetary Shocks to the Czech Republic,
	Poland and Hungary: Evidence from a FAVAR Model}},
  journal = {Focus on European Economic Integration},
  year = {2011},
  volume = {3},
  pages = {8-36},
  owner = {mfeldk},
  timestamp = {2012.06.18}
}

@ARTICLE{Bluwstein2016,
  author = {Bluwstein, Kristina and Canova, Fabio},
  title = {{Beggar-Thy-Neighbor? The International Effects of ECB Unconventional
	Monetary Policy Measures}},
  journal = {International Journal of Central Banking},
  year = {2016},
  volume = {12},
  pages = {69-120},
  number = {3}
}

@ARTICLE{Borys2009,
  author = {Borys, M. and Horv\'{a}th, R. and Franta, M.},
  title = {{The Effects of Monetary Policy in the Czech Republic: An Empirical
	Study}},
  journal = {Empirica},
  year = {2009},
  volume = {36},
  pages = {419-434},
  owner = {mfeldk},
  timestamp = {2012.07.23}
}

@ARTICLE{Brambor2006,
  author = {Brambor, Thomas and Clark, Wiliam Roberts and Golder, Matt},
  title = {{Understanding Interaction Models: Improving Empirical Analyses}},
  journal = {Political Analysis},
  year = {2006},
  volume = {14},
  pages = {63-82},
  owner = {mfeldk},
  timestamp = {2012.07.19}
}

@ARTICLE{Brand2010,
  author = {Brand, Claus and Buncic, Daniel and Turunen, Jarkko},
  title = {{The impact of ECB monetary policy decisions and communication on the yield curve}},
  journal = {Journal of the European Economic Association},
  year = {2010},
  volume = {8},
  number={6},
  pages = {1266-1298},
  owner = {mfeldk},
  timestamp = {2012.07.19}
}


@ARTICLE{Burbidge1985,
  author = {Burbidge, John and Harrison, Alan},
  title = {{An historical decomposition of the great depression to determine
	the role of money}},
  journal = {Journal of Monetary Economics},
  year = {1985},
  volume = {16},
  pages = {45-54},
  number = {1},
  month = {July}
}

@ARTICLE{Burriel2018,
  author = {Pablo Burriel and Alessandro Galesi},
  title = {{Uncovering the heterogeneous effects of ecb unconventional monetary
	policies across euro area countries}},
  journal = {European Economic Review},
  year = {2018},
  volume = {101},
  pages = {201-229}
}

@ARTICLE{Bussiere2009,
  author = {Bussi\`{e}re, Matthieu and Chudik, Alexander and Sestieri, Giulia},
  title = {{Modelling Global Trade Flows: Results from a GVAR Model}},
  journal = {ECB Working Paper Series},
  year = {2009},
  volume = {1087},
  owner = {FELDKIRC},
  timestamp = {2013.08.22}
}

@ARTICLE{Bussiere2013,
  author = {Bussi\`{e}re, Matthieu and Imbs, Jean and Kollmann, Robert and Ranci\`{e}re,
	Romain},
  title = {{The Financial Crisis: Lessons for International Macroeconomics}},
  journal = {American Economic Journal: Macroeconomics},
  year = {2013},
  volume = {5},
  pages = {75-84},
  number = {3}
}

@ARTICLE{Canova2005,
  author = {Fabio Canova},
  title = {{The transmission of US shocks to Latin America}},
  journal = {Journal of Applied Econometrics},
  year = {2005},
  volume = {20},
  pages = {229-251},
  number = {2}
}

@ARTICLE{Canova2002,
  author = {Canova, Fabio and Nicolo, Gianni De},
  title = {{Monetary disturbances matter for business fluctuations in the G-7}},
  journal = {Journal of Monetary Economics},
  year = {2002},
  volume = {49},
  pages = {1131-1159},
  number = {6},
  month = {September}
}

@ARTICLE{Caraiani2008,
  author = {Caraiani, Petre},
  title = {{An Analysis of Domestic and External Shocks on Romanian Economy
	Using a DSGE Model}},
  journal = {Romanian Journal of Economic Forecasting},
  year = {2008},
  volume = {3},
  pages = {100-114},
  owner = {feldkirc},
  timestamp = {2012.08.29}
}

@ARTICLE{Carney2006,
  author = {Carney, M. and Cunningham, P.},
  title = {{Evaluating Density Forecasting Models}},
  journal = {Dublin, Trinity College Dublin, Department of Computer Science},
  year = {2006},
  volume = {2006-21},
  owner = {FELDKIRC},
  timestamp = {2013.07.22}
}

@ARTICLE{Carrera2003,
  author = {Carrera, Jorge Eduardo and F\'{e}liz, Mariano and Panigo, Demian},
  title = {{Testing the order of integration with low power tests. An application
	to Argentine macro-variables}},
  journal = {Journal of Applied Economics},
  year = {2003},
  volume = {VI},
  pages = {221-246},
  number = {2},
  owner = {Martin},
  timestamp = {2009.01.05}
}

@ARTICLE{Carriero2015,
  author = {Carriero, Andrea and Clark, Todd E and Marcellino, Massimiliano},
  title = {{Bayesian VARs: specification choices and forecast accuracy}},
  journal = {Journal of Applied Econometrics},
  year = {2015},
  volume = {30},
  number={1},
  pages={46--73},
  owner = {FELDKIRC},
  publisher = {Wiley Online Library},
  timestamp = {2013.10.10}
}

@Article{Carriero2019,
  author  = {Carriero, Andrea and Clark, Todd E and Marcellino, Massimiliano and others},
  title   = {Large Vector Autoregressions with Asymmetric Priors},
  journal = {Journal of Econometrics},
  year    = {2019},
  volume  = {forthcoming},
}

@ARTICLE{Carriero2009,
  author = {Carriero, A. and Kapetanios, G. and Marcellino, M.},
  title = {{Forecasting exchange rates with a large Bayesian VAR}},
  journal = {International Journal of Forecasting},
  year = {2009},
  volume = {25},
  pages = {400-417},
  number = {2}
}

@ARTICLE{Cashin2014,
  author = {Cashin, Paul and Mohaddes, Kamiar and Raissi, Maziar and Raissi,
	Mehdi},
  title = {{The differential effects of oil demand and supply shocks on the
	global economy}},
  journal = {Energy Economics},
  year = {2014},
  volume = {44},
  pages = {113-134},
  number = {C}
}


@ARTICLE{Mohaddes2019,
  author = {Mohaddes, Kamiar and Raissi,
	Mehdi},
  title = {{The US oil supply revolution and the global economy}},
  journal = {Empirical Economics},
  year = {2019},
  volume = {57},
  pages = {515--1546}
} 

@ARTICLE{Castren2010,
  author = {Olli Castr\'{e}n and St\'{e}phane D\'{e}es and Fadi Zaher},
  title = {Stress-testing euro area corporate default probabilities using a
	global macroeconomic model },
  journal = {Journal of Financial Stability },
  year = {2010},
  volume = {6},
  pages = {64 - 78},
  number = {2}
}

@Article{Cecchetti2001,
  author={Cecchetti, Stephen G and Rich, Robert W},
  title={{Structural Estimates of the U.S. Sacrifice Ratio}},
  journal={Journal of Business \& Economic Statistics},
  year=2001,
  volume={19},
  number={4},
  pages={416-427},
  month={October}
}


@ARTICLE{Cesa-Bianchi2013,
  author = {Cesa-Bianchi, Ambrogio},
  title = {{Housing cycles and macroeconomic fluctuations: A global perspective}},
  journal = {Journal of International Money and Finance},
  year = {2013},
  volume = {37},
  pages = {215-238},
  number = {C}
}

@ARTICLE{Cesa-Bianchi2011,
  author = {Cesa-Bianchi, Ambrogio and Pesaran, Hashem M. and Rebucci, Alessandro
	and Xu, TengTeng},
  title = {{China's Emergence in the World Economy and Business Cycles in Latin
	America}},
  journal = {{Econom\'{i}a}},
  year = {2012},
  volume = {12},
  pages = {1-75},
  number = {2}
}

@ARTICLE{Chan2018,
  author = {Chan, J. C. and Eisenstat, E.},
  title = {{ Bayesian model comparison for time‚Äêvarying parameter VARs with stochastic volatility}},
  journal = {{Journal of Applied Econometrics}},
  year = {2018},
  volume = {33},
  number = {4},
  pages = {509--532},
  owner = {mfeldk},
  timestamp = {2012.06.19}
}


@ARTICLE{Chen2016,
  author = {Chen, Qianying and Filardo, Andrew and He, Dong and Zhu, Feng},
  title = {{Financial crisis, US unconventional monetary policy and international
	spillovers}},
  journal = {Journal of International Money and Finance},
  year = {2016},
  volume = {67},
  pages = {62-81},
  number = {C}
}

@ARTICLE{Chinn2006,
  author = {Chinn, Menzie and Ito, Hiro},
  title = {What Matters for Financial Development? Capital Controls, Institutions,
	and Interactions},
  journal = {Journal of Development Economics},
  year = {2006},
  volume = {81},
  pages = {163-192},
  number = {1},
  owner = {FELDKIRC},
  timestamp = {2017.11.13}
}

@TECHREPORT{Chudik2011b,
  author = {Chudik, Alexander and Fidora, Michael},
  title = {{Using the global dimension to identify shocks with sign restrictions}},
  institution = {European Central Bank},
  year = {2011},
  type = {Working Paper Series},
  number = {No. 1318}
}


@TECHREPORT{Nymand-Andersen2018,
  author = {Nymand-Andersen, Per},
  title = {{Yield curve modelling and a conceptual framework for estimating yield curves: evidence from the European Central Bank's yield curves}},
  institution = {European Central Bank},
  year = {2018},
  type = {Statistics Paper Series},
  number = {No. 27}
}



@TECHREPORT{Chudik2012,
  author = {Alexander Chudik and Marcel Fratzscher},
  title = {{Liquidity, risk and the global transmission of the 2007√Ø¬ø¬Ω08 financial
	crisis and the 2010√Ø¬ø¬Ω11 sovereign debt crisis title}},
  institution = {Federal Reserve Bank of Dallas},
  year = {2012},
  type = {Globalization and Monetary Policy Institute Working Paper},
  number = {107}
}

@ARTICLE{Chudik2011a,
  author = {Chudik, Alexander and Fratzscher, Marcel},
  title = {{Identifying the global transmission of the 2007-2009 financial crisis
	in a GVAR model}},
  journal = {European Economic Review},
  year = {2011},
  volume = {55},
  pages = {325-339},
  number = {3},
  month = {April}
}

@ARTICLE{Chudik2014,
  author = {Chudik, Alexander and Pesaran, H. M.},
  title = {{Theory and Practice of GVAR Modeling}},
  journal = {Journal of Economic Surveys},
  year = {2016},
  volume = {30},
  pages = {165--197}
}

@ARTICLE{clark2014evaluating,
  author = {Clark, Todd E and McCracken, Michael W},
  title = {Evaluating Conditional Forecasts from Vector Autoregressions},
  journal = {Federal Reserve Bank of St. Louis Working Paper Series},
  year = {2014},
  volume = {WP Nr. 025A}
}

@ARTICLE{Clark2015,
  author = {Clark, T. E. and Ravazzolo, F.},
  title = {{Macroeconomic forecasting performance under alternative specifications of time‚Äêvarying volatility}},
  journal = {Journal of Applied Econometrics},
  year = {2015},
  volume = {30},
  number ={4},
  pages = {551--575},
  owner = {FELDKIRC},
  timestamp = {2014.09.08}
}

@BOOK{clements1998forecasting,
  title = {Forecasting economic time series},
  publisher = {Cambridge University Press},
  year = {1998},
  author = {Clements, Michael and Hendry, David}
}

@BOOK{Woodford2003,
  title = {Interest and Prices: Foundations of a Theory of Monetary Policy},
  publisher = {Princeton University Press},
  year = {2003},
  author = {Woodford, Michael}
}

@INBOOK{Cleveland1992,
  chapter = {{Local regression models}},
  title = {{Statistical Models in S}},
  publisher = {Wadsworth \& Brooks / Cole},
  year = {1992},
  editor = {Chambers, J.M. and Hastie,T.J.},
  author = {Cleveland, W. S. and Grosse, E. and Shyu, W. M.},
  owner = {mfeldk},
  timestamp = {2012.06.21}
}

@ARTICLE{cogley2005drifts,
  author = {Cogley, Timothy and Sargent, Thomas J},
  title = {Drifts and volatilities: monetary policies and outcomes in the post
	WWII US},
  journal = {Review of Economic dynamics},
  year = {2005},
  volume = {8},
  pages = {262--302},
  number = {2},
  publisher = {Elsevier}
}

@ARTICLE{Coricelli2006,
  author = {Coricelli, F. and \'{E}gert, Bal\'{a}zs and MacDonald, R.},
  title = {{Monetary Transmission in Central and Eastern Europe: Gliding on
	a Wind of Change}},
  journal = {Focus on European Economic Integration},
  year = {2006},
  volume = {1},
  pages = {44-87},
  owner = {mfeldk},
  timestamp = {2012.07.23}
}

@ARTICLE{CrespoCuaresma2016,
  author = {{Crespo Cuaresma}, Jes\'{u}s and Feldkircher, Martin and Huber, Florian},
  title = {Forecasting with Global Vector Autoregressive Models: a Bayesian
	Approach},
  journal = {Journal of Applied Econometrics},
  year = {2016},
  volume = {Vol. 31},
  pages = {1371-1391},
  number = {7}
}

@ARTICLE{CrespoCuaresma2013,
  author = {Crespo Cuaresma, J. and Fernandez Amador, O.},
  title = {{Business cycle convergence in EMU: A second look at the second moment}},
  journal = {Journal of International Money and Finance},
  year = {2013},
  volume = {37},
  pages = {239-259},
  owner = {FELDKIRC},
  timestamp = {2013.11.05}
}

@ARTICLE{Curcuru2015,
  author = {Curcuru, Stephanie and Thomas, Charles and Warnock, Francis and Wongswan,
	Jon},
  title = {{Uncovered equity parity and rebalancing in international portfolios}},
  journal = {Journal of International Money and Finance},
  year = {2015},
  volume = {47},
  pages = {86-99},
  institution = {NBER},
  owner = {FELDKIRC},
  timestamp = {2017.11.22}
}

@ARTICLE{Darvas2008,
  author = {Darvas, Z. and Szap\'{a}ry, G},
  title = {{Business Cycle Synchroniazation in the Enlarged EU: Comovements
	in the New and Old Members}},
  journal = {Open Economic Review},
  year = {2008},
  volume = {19},
  pages = {1-19},
  number = {1},
  owner = {feldkirc},
  timestamp = {2012.09.11}
}

@ARTICLE{Dedola2007,
  author = {Dedola, Luca and Neri, Stefano},
  title = {{What does a technology shock do? A VAR analysis with model-based
	sign restrictions}},
  journal = {Journal of Monetary Economics},
  year = {2007},
  volume = {54},
  pages = {512-549},
  number = {2}
}

@ARTICLE{Dedola2017,
  author = {Luca Dedola and Giulia Rivolta and Livio Stracca},
  title = {If the Fed sneezes, who catches a cold?},
  journal = {Journal of International Economics},
  year = {2017},
  volume = {108},
  pages = {S23 - S41},
  number = {Supplement 1}
}

@ARTICLE{Dees2007b,
  author = {Dees, Stephane and Holly, Sean and Pesaran, Hashem M. and Smith,
	Vanessa L.},
  title = {{Long Run Macroeconomic Relations in the Global Economy}},
  journal = {Economics - The Open-Access, Open-Assessment E-Journal},
  year = {2007},
  volume = {1},
  pages = {1-20},
  number = {3}
}

@ARTICLE{Dees2007a,
  author = {Dees, Stephane and di Mauro, Filippo and Pesaran, Hashem M. and Smith,
	L. Vanessa},
  title = {{Exploring the international linkages of the euro area: a global
	VAR analysis}},
  journal = {Journal of Applied Econometrics},
  year = {2007},
  volume = {22},
  number = {1}
}

@ARTICLE{Dees2014,
  author = {Dees, S. and Pesaran, M.H. and Smith, V.L. and Smith, R. P.},
  title = {{Constructing Multi-country Rational Expectations Models}},
  journal = {Oxford Bulletin of Economics and Statistics},
  year = {2014},
  volume = {forthcoming}
}

@ARTICLE{Doan1984,
  author = {Doan, T. R. and Litterman, B. R. and C. A. Sims},
  title = {{Forecasting and Conditional Projection Using Realistic Prior Distributions}},
  journal = {Econometric Reviews},
  year = {1984},
  volume = {3},
  pages = {1-100},
  owner = {mfeldk},
  timestamp = {2013.06.15}
}

@ARTICLE{Dovern2016,
  author = {Dovern, Jonas and Feldkircher, Martin and Huber, Florian },
  title = {Does joint modelling of the world economy pay off? Evaluating global
	forecasts from a Bayesian GVAR },
  journal = {Journal of Economic Dynamics and Control },
  year = {2016},
  volume = {70},
  pages = {86 - 100}
}

@ARTICLE{Dovern2014,
  author = {Jonas Dovern and Bj\"{o}rn van Roye},
  title = {International transmission and business-cycle effects of financial
	stress },
  journal = {Journal of Financial Stability },
  year = {2014},
  volume = {13},
  pages = {1 - 17},
  number = {0}
}

@ARTICLE{Dybczak2008,
  author = {Dybczak, Kamil and Vo\v{n}ka, David and van der Windt, Nico},
  title = {{The Effect of Oil Price Shocks on the Czech Economy}},
  journal = {Czech National Bank, Working Paper Series},
  year = {2008},
  owner = {mfeldk},
  timestamp = {2012.08.22}
}

@TECHREPORT{EBRD2012,
  author = {EBRD},
  title = {{Transition Report 2012 - Integration Across Borders}},
  institution = {European Bank for Reconstruction and Development},
  year = {2012}
}

@ARTICLE{Ehrmann2009,
  author = {Michael Ehrmann and Marcel Fratzscher},
  title = {Global Financial Transmission of Monetary Policy Shocks},
  journal = {Oxford Bulletin of Economics and Statistics},
  year = {2009},
  volume = {71},
  pages = {739-759},
  number = {6}
}

@ARTICLE{Eickmeier2007,
  author = {Eickmeier, Sandra},
  title = {{Business cycle transmission from the US to Germany--A structural
	factor approach}},
  journal = {European Economic Review},
  year = {2007},
  volume = {51},
  pages = {521-551},
  number = {3},
  month = {April}
}

@ARTICLE{Eickmeier2006,
  author = {Eickmeier, Sandra and Breitung, J.},
  title = {{How synchronized are new EU member states with the euro area? Evidence
	from a structural factor model}},
  journal = {Journal of Comparative Economics},
  year = {2006},
  volume = {34},
  pages = {538-563},
  number = {3},
  owner = {feldkirc},
  timestamp = {2012.09.11}
}

@ARTICLE{Eickmeier2015,
  author = {Eickmeier, Sandra and Ng, Tim},
  title = {How do US credit supply shocks propagate internationally? A GVAR
	approach},
  journal = {European Economic Review },
  year = {2015},
  volume = {74},
  pages = {128 - 145}
}

@ARTICLE{Eller2017,
  author = {Eller, Markus and Feldkircher, Martin and Huber, Florian},
  title = {{How would a fiscal shock in Germany affect other European countries?
	Evidence from a Bayesian global VAR model with sign restrictions}},
  journal = {Focus on European Economic Integration},
  year = {2017},
  volume = {Q1},
  pages = {1-30},
  owner = {FELDKIRC},
  timestamp = {2017.02.02}
}

@ARTICLE{Ericsson2012,
  author = {Ericsson, Neil R. and Reisman, Erica L.},
  title = {{Evaluating a Global Vector Autoregression for Forecasting}},
  journal = {International Advances in Economic Research},
  year = {2013},
  volume = {forthcoming},
  owner = {mfeldk},
  timestamp = {2013.06.07}
}

@ARTICLE{Fadejeva2017,
  author = {Fadejeva, Ludmila and Feldkircher, Martin and Reininger, Thomas},
  title = {{International Spillovers from Euro Area and US Credit and Demand
	Shocks: A focus on Emerging Europe}},
  journal = {Journal of International Money and Finance},
  year = {2017},
  volume = {70},
  pages = {1-25},
  owner = {FELDKIRC},
  timestamp = {2016.08.17}
}

@ARTICLE{Faust1998,
  author = {Faust, Jon},
  title = {{The Robustness of Identified VAR Conclusions about Money}},
  journal = {Carnegie-Rochester Series on Public Policy},
  year = {1998},
  volume = {49},
  pages = {207-244},
  owner = {FELDKIRC},
  timestamp = {2014.11.27}
}



@ARTICLE{Feldkircher2020,
  author = {Feldkircher, Martin and Gruber, Thomas and Huber, Florian},
  title = {{International effects of a compression of euro area yield curves}},
 journal = {Journal of Banking \& Finance},
  year = {2020},
  volume ={113},
pages = {11--14},
  owner = {feldkirc},
  timestamp = {2012.08.27}
}

 
@ARTICLE{Feldkircher2019b,
  author = {Feldkircher, Martin and Siklos, Pierre},
  title = {{Global inflation dynamics and inflation expectations}},
 journal = {International Review of Economics \& Finance},
  year = {2019},
  volume ={64},
pages = {217--241},
  owner = {feldkirc},
  timestamp = {2012.08.27}
}



@ARTICLE{Feldkircher2016a,
  author = {Feldkircher, Martin and Huber, Florian},
  title = {{The international transmission of US shocks -- Evidence from Bayesian
	global vector autoregressions}},
  journal = {European Economic Review},
  year = {2016},
  volume = {81},
  pages = {167-188},
  number = {C}
}

@UNPUBLISHED{Feldkircher2016b,
  author = {Feldkircher, Martin and Huber, Florian},
  title = {{Adaptive shrinkage in Bayesian global vector autoregressive models}},
  note = {Mimeo},
  year = {2016},
  owner = {mfeldk},
  timestamp = {2013.11.17}
}

@ARTICLE{Feldkircher2012,
  author = {Feldkircher, Martin and Korhonen, Iikka},
  title = {{The Rise of China and its Implications for Emerging Markets - Evidence
	from a GVAR Model}},
  journal = {Pacific Economic Review},
  year = {2014},
  volume = {19},
  pages = {61-89},
  number = {1},
  owner = {mfeldk},
  timestamp = {2012.06.18}
}

@ARTICLE{Fernandez2001,
  author = {Fernandez, Carmen and Ley, Eduardo and Steel, Mark F. J.},
  title = {{Benchmark priors for Bayesian model averaging}},
  journal = {Journal of Econometrics},
  year = {2001},
  volume = {100},
  pages = {381-427},
  number = {2}
}

@ARTICLE{Fidrmuc2006,
  author = {Fidrmuc, Jarko and Korhonen, Iikka},
  title = {{Meta-analysis of the Business Cycle Correlation between the Euro
	Area and the CEECs}},
  journal = {Journal of Comparative Economics},
  year = {2006},
  volume = {34},
  pages = {518-537},
  owner = {feldkirc},
  timestamp = {2012.08.27}
}

@ARTICLE{Fratzscher2016,
  author = {Marcel Fratzscher and Marco Lo Duca and Roland Straub},
  title = {{ECB Unconventional Monetary Policy: Market Impact and International
	Spillovers}},
  journal = {IMF Economic Review},
  year = {2016},
  volume = {64},
  pages = {36-74},
  number = {1},
  month = {May}
}

@TECHREPORT{Fratzscher2009,
  author = {Fratzscher, Marcel and Saborowski, Christian and Straub, Roland},
  title = {{Monetary Policy Shocks and Portfolio Choice}},
  institution = {European Central Bank},
  year = {2009},
  type = {Working Paper Series},
  number = {1122}
}

@ARTICLE{Fry2010,
  author = {Ren\'{e}e Fry and Adrian Pagan},
  title = {{Sign Restrictions in Structural Vector Autoregressions: A Critical
	Review}},
  journal = {Journal of Economic Literature},
  year = {2011},
  volume = {49},
  pages = {938-960},
  number = {4},
  month = {December}
}

@TECHREPORT{Fuertes2016,
  author = {Fuertes, Ana-Maria and Phylaktis, Kate and Yan, Cheng},
  title = {{Uncovered Equity "Disparity" in Emerging Markets}},
  institution = {Emerging Markets Group},
  year = {2016},
  type = {Working Paper Series},
  number = {WP-EMG-01-2016},
  owner = {FELDKIRC},
  timestamp = {2017.11.22}
}

@TECHREPORT{Fukuda2013,
  author = {Fukuda, Yoshiyuki and Kimura, Yuki and Sudo, Nao and Ugai, Hiroshi},
  title = {{Cross-country Transmission Effect of the U.S. Monetary Shock under
	Global Integration}},
  institution = {Bank of Japan Working Paper Series},
  year = {2013},
  owner = {FELDKIRC},
  timestamp = {2014.02.03}
}

@INBOOK{Galesi2013b,
  chapter = {External shocks and international inflation linkages},
  pages = {255-270},
  title = {The GVAR Handbook: Structure and Applications of a Macro Model of
	
	the Global Economy for Policy Analysis},
  publisher = {Oxford University Press},
  year = {2013},
  editor = {di Mauro, F. and Pesaran, M.H.},
  author = {Galesi, A. and M. J. Lombardi, M. J.},
  owner = {FELDKIRC},
  timestamp = {2014.03.18}
}

@INBOOK{Galesi2013a,
  chapter = {Regional financial spillovers across Europe},
  pages = {255-270},
  title = {The GVAR Handbook: Structure and Applications of a Macro Model of
	
	the Global Economy for Policy Analysis},
  publisher = {Oxford University Press},
  year = {2013},
  editor = {di Mauro, F. and Pesaran, M.H.},
  author = {Galesi, A. and Sgherri, S.},
  owner = {FELDKIRC},
  timestamp = {2014.03.18}
}

@BOOK{Garrat2006,
  title = {{Global and National Macroeconometric Modelling: A Long-Run Structural
	Approach}},
  publisher = {{Oxford University Press}},
  year = {2006},
  author = {Garrat, Anthony and Lee, Keven and Pesaran, M. Hashem and Shin, Yongcheol},
  owner = {Martin},
  timestamp = {2009.05.03}
}

@Article{George1993,
  author    = {George, E. I. and McCulloch, R.},
  title     = {{Variable selection via Gibbs sampling}},
  journal   = {Journal of the American Statistical Association},
  year      = {1993},
  volume    = {88},
  pages     = {881--889},
  owner     = {FELDKIRC},
  timestamp = {2014.05.13},
}

@ARTICLE{George2008,
  author = {George, Edward I and Sun, Dongchu and Ni, Shawn},
  title = {{Bayesian stochastic search for VAR model restrictions}},
  journal = {Journal of Econometrics},
  year = {2008},
  volume = {142},
  pages = {553--580},
  number = {1},
  publisher = {Elsevier}
}

@ARTICLE{Georgiadis2016,
  author = {Georgiadis, Georgios},
  title = {{Determinants of global spillovers from US monetary policy}},
  journal = {Journal of International Money and Finance},
  year = {2016},
  volume = {67},
  pages = {41-61},
  owner = {FELDKIRC},
  timestamp = {2017.11.13}
}

@ARTICLE{Georgiadis2015,
  author = {Georgiadis, Georgios},
  title = {Examining asymmetries in the transmission of monetary policy in the
	euro area: Evidence from a mixed cross-section global VAR model},
  journal = {European Economic Review},
  year = {2015},
  volume = {75},
  pages = {195-215},
  number = {C}
}

@ARTICLE{Georgiadis2016c,
  author = {Georgiadis, Georgios and Gr\"{a}b, Johannes},
  title = {{Global financial market impact of the announcement of the ECB's
	asset purchase programme}},
  journal = {Journal of Financial Stability},
  year = {2016},
  volume = {26},
  pages = {257-265},
  number = {C}
}

@ARTICLE{geweke2001bayesian,
  author = {Geweke, John},
  title = {Bayesian econometrics and forecasting},
  journal = {Journal of Econometrics},
  year = {2001},
  volume = {100},
  pages = {11--15},
  number = {1},
  publisher = {Elsevier}
}

@ARTICLE{Geweke1996,
  author = {Geweke, John},
  title = {{Bayesian reduced rank regression in econometrics}},
  journal = {Journal of Econometrics},
  year = {1996},
  volume = {75},
  pages = {121-146},
  number = {1}
}

@ARTICLE{Geweke2010,
  author = {Geweke, John and Amisano, Gianni},
  title = {Comparing and evaluating Bayesian predictive distributions of asset
	returns},
  journal = {International Journal of Forecasting},
  year = {2010},
  volume = {26},
  pages = {216--230},
  number = {2},
  owner = {FELDKIRC},
  publisher = {Elsevier},
  timestamp = {2014.10.22}
}

@ARTICLE{geweke2006bayesian,
  author = {Geweke, John and Whiteman, Charles},
  title = {Bayesian forecasting},
  journal = {Handbook of economic forecasting},
  year = {2006},
  volume = {1},
  pages = {3--80},
  publisher = {Elsevier}
}

@ARTICLE{Giannone2013,
  author = {Giannone, Domenico and Lenza, Michele and Momferatou, Daphne and
	Onorante, Luca},
  title = {{Short-term inflation projections: a Bayesian vector autoregressive
	approach}},
  journal = {International Journal of Forecasting},
  year = {2013},
  owner = {FELDKIRC},
  publisher = {Elsevier},
  timestamp = {2014.10.22}
}

@TECHREPORT{giannone2012prior,
  author = {Giannone, Domenico and Lenza, Michele and Primiceri, Giorgio E},
  title = {Prior selection for vector autoregressions},
  institution = {National Bureau of Economic Research},
  year = {2012}
}

@ARTICLE{Giannone2009,
  author = {Giannone, Domenico and Reichlin, Lucrezia},
  title = {{Comments on "Forecasting economic and financial variables with global
	VARs"}},
  journal = {International Journal of Forecasting},
  year = {2009},
  volume = {25},
  pages = {684-686},
  number = {4},
  month = {October}
}

@ARTICLE{gneiting2005calibrated,
  author = {Gneiting, Tilmann and Raftery, Adrian E and Westveld III, Anton H
	and Goldman, Tom},
  title = {Calibrated probabilistic forecasting using ensemble model output
	statistics and minimum CRPS estimation},
  journal = {Monthly Weather Review},
  year = {2005},
  volume = {133},
  pages = {1098--1118},
  number = {5}
}



@TechReport{Benecka2018,
  author={Sona Benecka and Ludmila Fadejeva and Martin Feldkircher},
  title={{Spillovers from Euro Area Monetary Policy: A Focus on Emerging Europe}},
  year=2018,
  month=Oct,
  institution={Latvijas Banka},
  type={Working Papers}
}



@TECHREPORT{Gobbi2011,
  author = {Alessandro Gobbi and Tim Willems},
  title = {{Identifying US Monetary Policy Shocks through Sign Restrictions
	in Dollarized Countries}},
  institution = {Tinbergen Institute},
  year = {2011},
  type = {Tinbergen Institute Discussion Papers},
  number = {11-145/2},
  month = Oct
}

@ARTICLE{Greenwood2012,
  author = {Greenwood-Nimmo, Matthew and Nguyen, Viet Hoang and Shin, Yongcheol},
  title = {{Probabilistic Forecasting of Output Growth, Inflation and the Balance
	of Trade in a GVAR Framework}},
  journal = {Journal of Applied Econometrics},
  year = {2012},
  volume = {27},
  pages = {554-573},
  owner = {mfeldk},
  timestamp = {2013.06.07}
}

@ARTICLE{griffin2010inference,
  author = {Griffin, Jim E and Brown, Philip J},
  title = {Inference with normal-gamma prior distributions in regression problems},
  journal = {Bayesian Analysis},
  year = {2010},
  volume = {5},
  pages = {171--188},
  number = {1},
  publisher = {International Society for Bayesian Analysis}
}

@TECHREPORT{Gross2013,
  author = {Gross, Marco},
  title = {Estimating GVAR weight matrices},
  institution = {ECB},
  year = {2013},
  type = {Working Paper Series},
  number = {1523 / march 2013},
  month = March
}

@ARTICLE{Han2011,
  author = {Han, Fei and Ng, Thiam Hee},
  title = {{ASEAN-5 Macroeconomic Forecasting Using a GVAR Model}},
  journal = {Asian Development Bank, Working Series on Regional Economic Integration},
  year = {2011},
  volume = {76},
  owner = {mfeldk},
  timestamp = {2013.06.07}
}

@ARTICLE{hendry2003economic,
  author = {Hendry, David F and Clements, Michael P},
  title = {Economic forecasting: Some lessons from recent research},
  journal = {Economic Modelling},
  year = {2003},
  volume = {20},
  pages = {301--329},
  number = {2},
  publisher = {Elsevier}
}

@ARTICLE{hersbach2000decomposition,
  author = {Hersbach, Hans},
  title = {Decomposition of the continuous ranked probability score for ensemble
	prediction systems},
  journal = {Weather and Forecasting},
  year = {2000},
  volume = {15},
  pages = {559--570},
  number = {5}
}

@ARTICLE{Holt1957,
  author = {Holt, C. E.},
  title = {{Forecasting trends and seasonal by exponentially weighted averages}},
  journal = {ONR Memorandum, Carnegie Institute of Technology, Pittsburgh, USA},
  year = {1957},
  volume = {52},
  owner = {Martin},
  timestamp = {2009.01.05}
}

@ARTICLE{Honaker2010,
  author = {Honaker, James and King, Gary},
  title = {{What to do About Missing Values in Time Series Cross-Section Data}},
  journal = {American Journal of Political Science},
  year = {2010},
  volume = {54},
  pages = {561-581},
  number = {2},
  owner = {mfeldk},
  timestamp = {2012.06.22}
}

@ARTICLE{Horvath2008,
  author = {Horv\'{a}th, Roman and Rusn\'{a}k, Marek},
  title = {{How Important Are Foreign Shocks in Small Open Economy? The Case
	of Slovakia}},
  journal = {Global Economy Journal},
  year = {2009},
  volume = {9},
  pages = {1524-1561},
  number = {1},
  owner = {mfeldk},
  timestamp = {2012.07.23}
}

@ARTICLE{Hajek2018,
  author = {H\'{a}jek, Jan and Horv\'{a}th, Roman},
  title = {{International spillovers of (un)conventional monetary policy: The
effect of the ECB and the US Fed on non-euro EU countries}},
  journal = {Economic Systems},
  year = {2018},
  volume = {42},
  pages = {91-105},
  owner = {mfeldk},
  timestamp = {2012.07.23}
}

@Article{Halova2017,
  author      = {Roman Horv\'{a}th and Kl\'{a}ra Vosl\'{a}\v{r}ov\'{a}},
  title       = {{International spillovers of ECB's unconventional monetary policy: the effect on Central Europe}},
  journal     = {Applied Economics},
  year        = {2017},
  volume      = {49},
  number      = {24},
  pages       = {2352--2364}
}

@ARTICLE{Huber2016,
  author = {Huber, Florian},
  title = {Density forecasting using Bayesian global vector autoregressions
	with stochastic volatility},
  journal = {International Journal of Forecasting},
  year = {2016},
  volume = {32},
  pages = {818--837},
  number = {3},
  publisher = {Elsevier}
}


@article{Fernando2009,
    author = {Alvarez, Fernando and Atkeson, Andrew and Edmond, Chris},
    title = "{Sluggish Responses of Prices and Inflation to Monetary Shocks in an Inventory Model of Money Demand*}",
    journal = {The Quarterly Journal of Economics},
    volume = {124},
    number = {3},
    pages = {911-967},
    year = {2009},
    month = {08}
}



@TECHREPORT{Ilzetzki2013,
  author = {Ilzetzki, Ethan and Jin, Keyu},
  title = {{The Puzzling Change in the International Transmission of U.S. Macroeconomic
	Policy Shocks}},
  institution = {London School of Economics},
  year = {2013},
  owner = {FELDKIRC},
  timestamp = {2014.06.02}
}

@TECHREPORT{IMF2012,
  author = {IMF},
  title = {Spillover Report},
  institution = {IMF Policy Papers},
  year = {2012},
  owner = {FELDKIRC},
  timestamp = {2013.04.16}
}

@ARTICLE{Ito2008,
  author = {Ito, Katsuya},
  title = {Oil price and macroeconomy in Russia},
  journal = {Economics Bulletin},
  year = {2008},
  volume = {17},
  pages = {1-9},
  number = {17},
  owner = {feldkirc},
  timestamp = {2012.08.29}
}

@ARTICLE{Jarocinski2010,
  author = {Jaroci\'{n}ski, Marek},
  title = {{Responses to Monetary Policy Shocks in the East and the West of
	Europe: A Comparison}},
  journal = {Journal of Applied Econometrics},
  year = {2010},
  volume = {25},
  pages = {833-868},
  owner = {mfeldk},
  timestamp = {2012.07.23}
}

@ARTICLE{Jimenez2010,
  author = {Jim\'{e}nez-Rodriguez, Rebeca and Morales-Zumaquero, Amalia and Bal\'{a}zs,
	\'{E}gert},
  title = {{The VARying Effect of Foreign Shocks in Central and Eastern Europe}},
  journal = {Journal of Policy Modelling},
  year = {2010},
  volume = {32},
  pages = {461-477},
  owner = {mfeldk},
  timestamp = {2012.07.23}
}

@BOOK{Johansen1995,
  title = {{Likelihood-Based Inference in Cointegrated Vector Autoregressive
	Models}},
  publisher = {Oxford University Press, New York},
  year = {1995},
  author = {Johansen, S.},
  owner = {mfeldk},
  timestamp = {2012.06.19}
}

@BOOK{Juselius2006,
  title = {{The Cointegrated VAR Model: Methodology and Applications}},
  publisher = {Oxford University Press, New York},
  year = {2006},
  author = {Juselius, Katarina},
  owner = {mfeldk},
  timestamp = {2012.06.19}
}

@ARTICLE{kadiyala1997numerical,
  author = {Kadiyala, K and Karlsson, Sune},
  title = {{Numerical Methods for Estimation and Inference in Bayesian VAR-Models}},
  journal = {Journal of Applied Econometrics},
  year = {1997},
  volume = {12},
  pages = {99--132},
  number = {2},
  owner = {FELDKIRC},
  publisher = {Wiley Online Library},
  timestamp = {2013.10.10}
}

@ARTICLE{Kadiyala1993,
  author = {Kadiyala, K and Karlsson, Sune},
  title = {Forecasting with generalized bayesian vector auto regressions},
  journal = {Journal of Forecasting},
  year = {1993},
  volume = {12},
  pages = {365--378},
  number = {3-4}
}

@ARTICLE{Karlsson2012,
  author = {Karlsson, Sune},
  title = {{Forecasting with Bayesian Vector Autoregressions}},
  journal = {\"{O}rebro University Working Paper},
  year = {2012},
  volume = {12/2012},
  owner = {FELDKIRC},
  timestamp = {2013.07.24}
}

@ARTICLE{Kass1995,
  author = {Kass, R. and Raftery, A.},
  title = {{Bayes Factors}},
  journal = {Journal of the American Statistical Association},
  year = {1995},
  volume = {90},
  pages = {773-795},
  owner = {FELDKIRC},
  timestamp = {2014.03.26}
}

@Article{Kastner2016,
  author   = {Gregor Kastner},
  title    = {{Dealing with Stochastic Volatility in Time Series Using the R Package stochvol}},
  journal  = {Journal of Statistical Software},
  year     = {2016},
  volume   = {69},
  number   = {1},
  pages    = {1--30}
}

@Article{Kastner2014,
  author    = {Kastner, Gregor and Fr{\"u}hwirth-Schnatter, Sylvia},
  title     = {Ancillarity-sufficiency interweaving strategy (ASIS) for boosting MCMC estimation of stochastic volatility models},
  journal   = {Computational Statistics \& Data Analysis},
  year      = {2014},
  volume    = {76},
  pages     = {408--423},
  publisher = {Elsevier},
}

@ARTICLE{Kazi2013,
  author = {Kazi, Irfan Akbar and Wagan, Hakimzadi and Akbar, Farhan},
  title = {{The changing international transmission of U.S. monetary policy
	shocks: Is there evidence of contagion effect on OECD countries}},
  journal = {Economic Modelling},
  year = {2013},
  volume = {30},
  pages = {90-116},
  owner = {FELDKIRC},
  timestamp = {2014.02.03}
}

@ARTICLE{Kilian2009,
  author = {Lutz Kilian},
  title = {Not All Oil Price Shocks Are Alike: Disentangling Demand and Supply
	Shocks in the Crude Oil Market},
  journal = {American Economic Review},
  year = {2009},
  volume = {99},
  pages = {1053-69},
  number = {3},
  month = {June}
}

@ARTICLE{Kilian2012,
  author = {Lutz Kilian and Daniel P. Murphy},
  title = {{Why Agnostic Sign Restrictions Are Not Enough: Understanding The
	Dynamics Of Oil Market Var Models}},
  journal = {Journal of the European Economic Association},
  year = {2012},
  volume = {10},
  pages = {1166-1188},
  number = {5},
  month = {October}
}

@ARTICLE{Kim2001,
  author = {Kim, Soyoung},
  title = {{International transmission of U.S. monetary policy shocks: Evidence
	from VAR's}},
  journal = {Journal of Monetary Economics},
  year = {2001},
  volume = {48},
  pages = {339-372},
  number = {2},
  month = {October}
}

@ARTICLE{Kolodziej2013,
  author = {Kolodziej, Marek and Kaufmann, Robert. K.},
  title = {{Oil demand shocks reconsidered: A cointegrated vector autoregression}},
  journal = {Energy Economics},
  year = {2013},
  volume = {forthcoming},
  owner = {FELDKIRC},
  timestamp = {2014.02.07}
}

@BOOK{koop2010bayesian,
  title = {Bayesian multivariate time series methods for empirical macroeconomics},
  publisher = {Now Publishers Inc},
  year = {2010},
  author = {Koop, Gary and Korobilis, Dimitris},
  volume = {3},
  number = {4}
}

@ARTICLE{Koop1996,
  author = {Koop, Gary and Pesaran, M. Hashem and Potter, Simon M.},
  title = {{Impulse response analysis in nonlinear multivariate models}},
  journal = {Journal of Econometrics},
  year = {1996},
  volume = {74},
  pages = {119-147},
  number = {1},
  month = {September}
}

@ARTICLE{Koop2013,
  author = {Koop, Gary M},
  title = {Forecasting with medium and large Bayesian VARs},
  journal = {Journal of Applied Econometrics},
  year = {2013},
  volume = {28},
  pages = {177--203},
  number = {2},
  owner = {FELDKIRC},
  publisher = {Wiley Online Library}
}

@ARTICLE{Korhonen2010,
  author = {Korhonen, Ikka and Ledyaeva, S.},
  title = {{Trade linkages and macroeconomic effects of the price of oil}},
  journal = {Energy Economics},
  year = {2010},
  volume = {32},
  pages = {848-856},
  number = {4},
  owner = {mfeldk},
  timestamp = {2012.08.22}
}

@ARTICLE{Krznar2010,
  author = {Krznar, Ivo and Kunovac, Davor},
  title = {{Impact of External Shocks on Domestic Inflation and GDP}},
  journal = {Croatian Nationalbank, Working Paper Series},
  year = {2010},
  volume = {W-26},
  owner = {mfeldk},
  timestamp = {2012.07.18}
}

@ARTICLE{Kwiatkowski1992,
  author = {Kwiatkowski, D. and Phillips, P. C. B. and Schmidt, P. and Shin,
	Y.},
  title = {{Testing the Null Hypothesis of Stationarity against the Alternative
	of a Unit Root}},
  journal = {Journal of Econometrics},
  year = {1992},
  volume = {54},
  pages = {159-178},
  owner = {Martin},
  timestamp = {2009.01.05}
}

@BOOK{Lutkepohl1993,
  title = {{Introduction to Multiple Time Series Analysis}},
  publisher = {Springer, Berlin},
  year = {1993},
  author = {L\"{u}tkepohl, Helmut},
  owner = {mfeldk},
  timestamp = {2012.06.19}
}

@BOOK{LeSage2009,
  title = {{Introduction to Spatial Econometrics}},
  publisher = {CRC Press Taylor \& Francis Group, Boca Raton, London, New York},
  year = {2009},
  author = {LeSage, James P. and Pace, R. Kelley},
  owner = {FELDKIRC},
  timestamp = {2014.04.17}
}

@ARTICLE{Ley2010,
  author = {Ley, Eduardo and Steel, Mark F.J.},
  title = {{Mixtures of g-priors for Bayesian model averaging with economic
	applications}},
  journal = {Journal of Econometrics},
  year = {2012},
  volume = {171},
  pages = {251-266},
  number = {2}
}

@ARTICLE{Litterman1986,
  author = {R.B. Litterman},
  title = {{Forecasting with Bayesian vector autoregressions - Five years of
	experience}},
  journal = {Journal of Business and Economic Statistics},
  year = {1986},
  volume = {5},
  pages = {25-38},
  owner = {mfeldk},
  timestamp = {2013.06.15}
}

@TECHREPORT{Lombardi2014,
  author = {Lombardi, Marco Jacopo and Zhu, Feng},
  title = {{A shadow policy rate to calibrate US monetary policy at the zero
	lower bound}},
  institution = {Bank for International Settlements},
  year = {2014},
  type = {BIS Working Papers},
  number = {452}
}

@ARTICLE{Luetkepohl2011,
  author = {Helmut Luetkepohl},
  title = {{Vector Autoregressive Models}},
  year = {2011},
  number = {ECO2011/30},
  institution = {European University Institute},
  owner = {LudmilaF},
  timestamp = {2014.08.20},
  type = {Economics Working Papers}
}

@ARTICLE{Mackowiak2006,
  author = {Ma\'{c}kowiak, Bartosz},
  title = {{How much of the Macroeconomic Variation in Eastern Europe is Attributable
	to External Shocks?}},
  journal = {Comparative Economic Studies},
  year = {2006},
  volume = {48},
  pages = {423-544},
  number = {3},
  owner = {mfeldk},
  timestamp = {2012.07.23}
}

@ARTICLE{Mackowiak2007,
  author = {Mackowiak, Bartosz},
  title = {External shocks, U.S. monetary policy and macroeconomic fluctuations
	in emerging markets},
  journal = {Journal of Monetary Economics},
  year = {2007},
  volume = {54},
  pages = {2512-2520},
  number = {8},
  month = {November}
}

@ARTICLE{mad95,
  author = {Madigan, D. and York, J.},
  title = {{Bayesian graphical models for discrete data}},
  journal = {International Statistical Review},
  year = {1995},
  volume = {63},
  pages = {215-232},
  owner = {FELDKIRC},
  timestamp = {2010.01.12}
}

@ARTICLE{Matesanz2012,
  author = {Matesanz G\'{o}mez, David and Ortega, Guillermo J. and Torgler, Benno},
  title = {{Synchronization and Diversity in Business Cycles: A Network Approach
	Applied to the European Union}},
  journal = {Queensland University of Technology, Discussion Paper and Working
	Paper Series},
  year = {2012},
  volume = {277},
  owner = {feldkirc},
  timestamp = {2012.09.11}
}

@ARTICLE{Minea2011,
  author = {Minea, Alexandru and Rault, Christophe},
  title = {{External Monetary Shocks and Monetary Integration: Evidence from
	the Bulgarian Currency Board}},
  journal = {Economic Modelling},
  year = {2011},
  volume = {28},
  pages = {2271-2281},
  number = {5},
  owner = {feldkirc},
  timestamp = {2012.08.29}
}



@ARTICLE{Mumtaz2009,
  author = {Haroon Mumtaz and Paolo Surico},
  title = {The Transmission of International Shocks: A Factor-Augmented VAR
	Approach},
  journal = {Journal of Money, Credit and Banking},
  year = {2009},
  volume = {41},
  pages = {71-100},
  number = {s1},
  month = {02}
}

@ARTICLE{Naka1997,
  author = {Naka, Atsuyuki and Tufte, David},
  title = {Examining impulse response functions in cointegrated systems},
  journal = {Applied Economics},
  year = {1997},
  volume = {29},
  pages = {1593-1603},
  number = {12},
  owner = {FELDKIRC},
  timestamp = {2017.11.13}
}

@INCOLLECTION{Nickel2013,
  author = {Nickel, C. and Vansteenkiste, I.},
  title = {The international spillover of fiscal spending on financial variables},
  booktitle = {The GVAR Handbook: Structure and Applications of a Macro Model of
	the Global Economy for Policy Analysis},
  publisher = {Oxford University Press},
  year = {2013},
  editor = {Di Mauro, F. and Pesaran, M. H.},
  pages = {182-192},
  owner = {FELDKIRC},
  timestamp = {2017.01.26}
}

@ARTICLE{Paustian2007,
  author = {Paustian, Matthias},
  title = {{Assessing Sign Restrictions}},
  journal = {The B.E. Journal of Macroeconomics},
  year = {2007},
  volume = {7},
  pages = {1-33},
  number = {1},
  month = {August}
}

@InBook{Peersman2003,
  chapter   = {The monetary transmission mechanism in the euro area: more evidence from VAR analysis},
  pages     = {36--55},
  title     = {Monetary Policy Transmission in the Euro Area},
  publisher = {Cambridge University Press},
  year      = {2003},
  author    = {Peersman, Gert and Smets, F.},
}



@ARTICLE{Peersman2005,
  author = {Gert Peersman},
  title = {{What caused the early millennium slowdown? Evidence based on vector
	autoregressions}},
  journal = {Journal of Applied Econometrics},
  year = {2005},
  volume = {20},
  pages = {185-207},
  number = {2}
}

@ARTICLE{Pesaran2009,
  author = {Pesaran, M. Hashem and Schuermann, Til and Smith, L. Vanessa},
  title = {{Forecasting economic and financial variables with global VARs}},
  journal = {International Journal of Forecasting},
  year = {2009},
  volume = {25},
  pages = {642-675},
  number = {4},
  owner = {Martin},
  timestamp = {2008.04.22}
}

@ARTICLE{Pesaran2007a,
  author = {Pesaran, M. Hashem and Schuermann, Til and Smith, L. Vanessa},
  title = {{What if the UK or Sweden had joined the euro in 1999? An empirical
	evaluation using a Global VAR}},
  journal = {International Journal of Finance and Economics},
  year = {2007},
  volume = {12},
  pages = {55-87},
  number = {1},
  owner = {Martin},
  timestamp = {2008.04.22}
}

@ARTICLE{Pesaran2004,
  author = {Pesaran, M. Hashem and Schuermann, Til and Weiner, S. M.},
  title = {{Modeling Regional Interdependencies Using a Global Error-Correcting
	Macroeconometric Model}},
  journal = {Journal of Business and Economic Statistics, American Statistical
	Association},
  year = {2004},
  volume = {22},
  pages = {129-162},
  owner = {Martin},
  timestamp = {2008.04.22}
}

@ARTICLE{Pesaran1998,
  author = {Pesaran, M. Hashem and Shin, Yongcheol},
  title = {Generalized impulse response analysis in linear multivariate models},
  journal = {Economics Letters},
  year = {1998},
  volume = {58},
  pages = {17-29},
  number = {1},
  month = {January}
}


@Article{Pesaran2016,
  author={Hashem Pesaran, M. and Smith, Ron P.},
  title={{Counterfactual analysis in macroeconometrics: An empirical investigation into the effects of quantitative easing}},
  journal={Research in Economics},
  year=2016,
  volume={70},
  number={2},
  pages={262-280}
}


@Article{primiceri2005time,
  author    = {Primiceri, Giorgio E.},
  title     = {Time varying structural vector autoregressions and monetary policy},
  journal   = {The Review of Economic Studies},
  year      = {2005},
  volume    = {72},
  number    = {3},
  pages     = {821--852},
  publisher = {Oxford University Press},
}

@ARTICLE{Rautava2004,
  author = {Rautava, Jouko},
  title = {The role of oil prices and the real exchange rate in Russia's economy
	- a cointegration approach},
  journal = {Journal of Comparative Economics},
  year = {2004},
  volume = {32},
  pages = {315-327},
  number = {2},
  owner = {feldkirc},
  timestamp = {2012.08.29}
}

@INPROCEEDINGS{Rodgers1985,
  author = {Rodgers, David P},
  title = {Improvements in multiprocessor system design},
  booktitle = {ACM SIGARCH Computer Architecture News},
  year = {1985},
  volume = {13},
  number = {3},
  pages = {225--231},
  organization = {IEEE Computer Society Press},
  owner = {FELDKIRC},
  timestamp = {2014.10.22}
}

@ARTICLE{Ramirez2010,
  author = {Juan F. Rubio-Ram\'{i}rez and Daniel F. Waggoner and Tao Zha},
  title = {Structural Vector Autoregressions: Theory of Identification and Algorithms
	for Inference},
  journal = {Review of Economic Studies},
  year = {2010},
  volume = {77},
  pages = {665-696},
  number = {2}
}

@TECHREPORT{Sahay2014,
  author = {Sahay, Ratna and Arora, Vivek and Arvanitis,Thanos and Faruqee, Hamid
	and N'Diaye, Papa and Mancini-Griffoli, Tommaso and an IMF Team},
  title = {{Emerging Market Volatility: Lessons from the Taper Tantrum}},
  institution = {International Monetary Fund},
  year = {2014},
  type = {Staff Discussion Note, IMF},
  number = {SDN/14/09}
}

@ARTICLE{Sims2008,
  author = {Sims, Christopher A.},
  title = {{Improving monetary policy models}},
  journal = {Journal of Economic Dynamics and Control},
  year = {2008},
  volume = {32},
  pages = {2460-2475},
  number = {8},
  month = {August}
}

@ARTICLE{Sims1992,
  author = {Sims, Christoper A.},
  title = {{Bayesian Inference for Multivariate Time Series with Trend}},
  journal = {presented at the American statistical Association meetings},
  year = {1992},
  owner = {FELDKIRC},
  timestamp = {2013.10.30}
}

@ARTICLE{Sims1990,
  author = {Sims, Christopher A and Stock, James H and Watson, Mark W},
  title = {{Inference in Linear Time Series Models with Some Unit Roots}},
  journal = {Econometrica},
  year = {1990},
  volume = {58},
  pages = {113-44},
  number = {1},
  month = {January}
}

@ARTICLE{sims2006were,
  author = {Sims, Christopher A and Zha, Tao},
  title = {Were there regime switches in US monetary policy?},
  journal = {The American Economic Review},
  year = {2006},
  volume = {96},
  pages = {54--81},
  number = {1},
  publisher = {American Economic Association}
}

@ARTICLE{Sims1998,
  author = {Sims, C. A. and Zha, T.},
  title = {{Bayesian Methods for Dynamic Multivariate Models}},
  journal = {International Economic Review},
  year = {1998},
  volume = {39},
  pages = {949-968},
  number = {4},
  owner = {mfeldk},
  timestamp = {2013.06.15}
}

@TECHREPORT{Smith2011,
  author = {Smith, L. Vanessa and Galessi, Alessandro},
  title = {{GVAR Toolbox 1.1}},
  year = {2011},
  owner = {LudmilaF}
}

@ARTICLE{theil1961pure,
  author = {Theil, Henry and Goldberger, Arthur S},
  title = {On pure and mixed statistical estimation in economics},
  journal = {International Economic Review},
  year = {1961},
  volume = {2},
  pages = {65--78},
  number = {1},
  publisher = {JSTOR}
}

@ARTICLE{Timmer2015,
  author = {Timmer, M. P. and Dietzenbacher, E. and Los, B. and Stehrer, R. and
	de Vries, G. J.},
  title = {{An Illustrated User Guide to the World Input-Output Database: the
	Case of Global Automotive Production}},
  journal = {Review of International Economics},
  year = {2015},
  volume = {23},
  pages = {575--605},
  owner = {FELDKIRC},
  timestamp = {2017.01.18}
}

@ARTICLE{Uhlig2005,
  author = {Uhlig, Harald},
  title = {{What are the effects of monetary policy on output? Results from
	an agnostic identification procedure}},
  journal = {Journal of Monetary Economics},
  year = {2005},
  volume = {52},
  pages = {381-419},
  number = {2},
  month = {March}
}

@ARTICLE{Vamvakidis2009,
  author = {Vamvakidis, Athanasios},
  title = {{Convergence in Emerging Europe - Sustainability and Vulnerabilities}},
  journal = {Eastern European Economics},
  year = {2009},
  volume = {47},
  pages = {5-27},
  number = {3},
  owner = {mfeldk},
  timestamp = {2012.08.22}
}

@ARTICLE{Villani2009,
  author = {Mattias Villani},
  title = {{Steady State Priors for Vector Autoregressions}},
  journal = {Journal of Applied Econometrics},
  year = {2009},
  volume = {24:4},
  pages = {630-650},
  doi = {DOI: 10.1002/jae.1065},
  owner = {mfeldk},
  timestamp = {2013.06.15}
}

@ARTICLE{Vonnak2010,
  author = {Vonn\'{a}k, Bal\'{a}zs},
  title = {{Risk premium shocks, monetary policy and exchange rate pass-through
	in the Czech Republic, Hungary and Poland}},
  journal = {{Ensayos sobre Pol\'{i}ticia Econ\'{o}mica}},
  year = {2010},
  volume = {28},
  pages = {306 - 321},
  month = {06}
}

@ARTICLE{Waggoner1999,
  author = {Waggoner, Daniel F and Zha, Tao},
  title = {Conditional forecasts in dynamic multivariate models},
  journal = {Review of Economics and Statistics},
  year = {1999},
  volume = {81},
  pages = {639--651},
  number = {4},
  publisher = {MIT Press}
}

@ARTICLE{Wallis2004,
  author = {Wallis, Kenneth F.},
  title = {{Comment}},
  journal = {Journal of Business \& Economic Statistics},
  year = {2004},
  volume = {22},
  pages = {172-175},
  month = {April}
}

@BOOK{Wang2002,
  title = {{Financial Econometrics: Methods and Models}},
  publisher = {Routledge, London},
  year = {2002},
  author = {Wang, P. J.},
  owner = {mfeldk},
  timestamp = {2012.07.24}
}

@ARTICLE{Willems2013,
  author = {Willems, Tim},
  title = {{Analyzing the effects of US monetary policy shocks in dollarized
	countries}},
  journal = {European Economic Review},
  year = {2013},
  volume = {61},
  pages = {101-115},
  number = {C}
}

@ARTICLE{Winters1960,
  author = {Winters, Peter R.},
  title = {{Forecasting Sales by Exponentially Weighted Moving Averages}},
  journal = {Management Science},
  year = {1960},
  volume = {6},
  pages = {324-342},
  owner = {Martin},
  timestamp = {2009.01.05}
}

@BOOK{zellner1996introduction,
  title = {An introduction to Bayesian inference in econometrics},
  publisher = {Wiley},
  year = {1973},
  author = {Zellner, Arnold},
  owner = {FELDKIRC},
  timestamp = {2013.10.10}
}

@Article{Benati2008,
  author   = {Benati, Luca and Goodhart, Charles},
  title    = {{Investigating time-variation in the marginal predictive power of the yield spread}},
  journal  = {Journal of Economic Dynamics and Control},
  year     = {2008},
  volume   = {32},
  number   = {4},
  pages    = {1236-1272},
  month    = {April}
}

@TechReport{Chudik2014a,
  author      = {Chudik, Alexander and Pesaran, H. M.},
  title       = {{Theory and Practice of GVAR Modeling}},
  institution = {Federal Reserve Bank of Dallas},
  year        = {2014},
  type        = {Working Paper Series},
  number      = {180},
  owner       = {FELDKIRC},
  timestamp   = {2014.09.08},
}

@TechReport{Dovern2014a,
  author      = {Dovern, Jonas and Feldkircher, Martin and Florian Huber},
  title       = {{Does Joint Modeling of the World Economy Pay Off? Evaluating Multivariate Forecasts from a Bayesian GVAR}},
  institution = {Oesterreichische Nationalbank, mimeo.},
  year        = {2014},
  owner       = {FELDKIRC},
  timestamp   = {2014.10.22},
}

@Article{Joyce2017,
  author    = {Joyce, Michael AS and Liu, Zhuoshi and Tonks, Ian},
  title     = {Institutional investors and the QE portfolio balance channel},
  journal   = {Journal of Money, Credit and Banking},
  year      = {2017},
  volume    = {49},
  number    = {6},
  pages     = {1225--1246},
  publisher = {Wiley Online Library},
}

@Article{Bruno2015,
  author  = {Bruno, Valentina and Shin, Hyun Song},
  title   = {{Capital flows and the risk-taking channel of monetary policy}},
  journal = {Journal of Monetary Economics},
  year    = {2015},
  volume  = {71},
  pages   = {119--132},
}

@Article{Kapetanios2012,
  author    = {Kapetanios, George and Mumtaz, Haroon and Stevens, Ibrahim and Theodoridis, Konstantinos},
  title     = {Assessing the economy-wide effects of quantitative easing},
  journal   = {The Economic Journal},
  year      = {2012},
  volume    = {122},
  number    = {564},
  pages     = {F316--F347},
  publisher = {Wiley Online Library},
}

@TechReport{Acharya2017,
  author      = {Acharya, Viral V. and Eisert, Tim and Eufinger, Christian and Hirsch, Christian W.},
  title       = {{Whatever it Takes: The Real Effects of Unconventional Monetary Policy}},
  institution = {SAFE Working Paper},
  year        = {2017},
  type        = {Working Paper},
  number      = {152}
}

@Article{Aizenman2016,
  author    = {Aizenman, Joshua and Chinn, Menzie D. and Ito, Hiro},
  title     = {Monetary policy spillovers and the trilemma in the new normal: Periphery country sensitivity to core country conditions},
  journal   = {Journal of International Money and Finance},
  year      = {2016},
  volume    = {68},
  pages     = {298--330},
  owner     = {FELDKIRC},
  timestamp = {2017.11.14},
}

@TechReport{Altavilla2015,
  author      = {Altavilla, Carlo and Carboni, Giacomo and Motto, Roberto},
  title       = {{Asset purchase programmes and financial markets: lessons from the euro area}},
  institution = {European Central Bank},
  year        = {2015},
  type        = {Working Paper Series},
  number      = {1864}
}

@Article{Altavilla2016,
  author      = {Altavilla, Carlo and Giannone, Domenico and Lenza, Michele},
  title       = {{The Financial and Macroeconomic Effects of OMT Announcements}},
  journal     = {International Journal of Central Banking},
  year        = {2016},
  volume      = {12},
  number      = {3},
  pages       = {29-57},
  month       = {September}
}

@Article{Ambler2019,
  author        = {Ambler, Steve and Rumler, Fabio},
  title         = {The effectiveness of unconventional monetary policy announcements in the euro area: An event and econometric study},
  journal       = {Journal of International Money and Finance},
  volume        = {94},
  pages         = {48--61},
  year          = {2019},
}

@TechReport{Arias2015,
  author      = {Arias, J. and Caldara, D. and Rubio-Ramirez, J.},
  title       = {The systematic component of monetary policy in svars: an agnostic identification procedure},
  institution = {FRB International Finance Discussion Paper},
  year        = {2015},
  number      = {1131},
  owner       = {FELDKIRC},
  timestamp   = {2017.04.10},
}

@TechReport{Baeurle2015,
  author      = {B\"{a}urle, Gregor and Kaufmann, Daniel},
  title       = {{Monetary Policy Regimes in a Small Open Economy Facing the Zero Lower Bound}},
  institution = {KOF Swiss Economic Institute mimeo},
  year        = {2015},
  owner       = {FELDKIRC},
  timestamp   = {2015.03.24},
}

@Article{Barakchian2013,
  author   = {Barakchian, S. Mahdi and Crowe, Christopher},
  title    = {{Monetary policy matters: Evidence from new shocks data}},
  journal  = {Journal of Monetary Economics},
  year     = {2013},
  volume   = {60},
  number   = {8},
  pages    = {950-966}
}

@Article{Bech2014,
  author    = {Bech, Morten L. and Gambacorta, Leonardo and Kharroubi, Enisse},
  title     = {{Monetary Policy in a Downturn: Are Financial Crises Special?}},
  journal   = {International Finance},
  year      = {2014},
  volume    = {17},
  number    = {1},
  pages     = {99--119}
}

@TechReport{Beckmann2017,
  author      = {Beckmann, J and Koop, G and Korobilis, D and Sch\"{u}ssler, R},
  title       = {{Exchange rate predictability and dynamic Bayesian learning}},
  institution = {University of Essex, Essex Business School},
  year        = {2017},
  type        = {Essex Finance Centre Working Papers},
  number      = {20781},
  month       = Dec
}

@Article{Bekaert2013,
  author    = {Bekaert, Geert and Hoerova, Marie and {Lo Duca}, Marco},
  title     = {Risk, uncertainty and monetary policy},
  journal   = {Journal of Monetary Economics},
  year      = {2013},
  volume    = {60},
  pages     = {771-788},
  owner     = {FELDKIRC},
  timestamp = {2017.10.19},
}

@Article{Bernanke1992,
  author   = {Bernanke, Ben S and Blinder, Alan S},
  title    = {{The Federal Funds Rate and the Channels of Monetary Transmission}},
  journal  = {American Economic Review},
  year     = {1992},
  volume   = {82},
  number   = {4},
  pages    = {901-21},
  month    = {September}
}

@Article{Bernanke1988,
  author    = {Bernanke, Ben S. and Blinder, Alan S.},
  title     = {{Credit, Money, and Aggregate Demand}},
  journal   = {American Economic Review},
  year      = {1988},
  volume    = {78},
  number    = {2},
  pages     = {435-439},
  owner     = {mfeldk},
  timestamp = {2015.02.04},
}

@Article{Bernanke2005,
  author    = {Bernanke, Ben S. and Boivin, Jean and Eliasz, Piotr},
  title     = {{Measuring The Effects Of Monetary Policy: A Factor-Augmented Vector Autoregressive (FAVAR) Approach}},
  journal   = {Quarterly Journal of Economics},
  year      = {2005},
  pages     = {387-422},
  owner     = {FELDKIRC},
  timestamp = {2017.04.10},
}

@Article{Bernanke2005a,
  author    = {Bernanke, B. S. and Kuttner, K. N.},
  title     = {What explains the stock market's reaction to federal reserve policy?},
  journal   = {Journal of Finance},
  year      = {2005},
  volume    = {60},
  number    = {3},
  pages     = {1221-1257},
  owner     = {FELDKIRC},
  timestamp = {2017.10.19},
}

@TechReport{Black2007,
  author      = {Black, Lamont and Hancock, Diana and Passmore, Waynee},
  title       = {{Bank Core Deposits and the Mitigation of Monetary Policy}},
  institution = {Federal Reserve Board Finance and Economics Discussion series},
  year        = {2007},
  number      = {65},
  owner       = {FELDKIRC},
  timestamp   = {2015.09.30},
}

@TechReport{Blattner2010,
  author      = {Blattner, Tobias and Margaritov, Emil},
  title       = {{Towards a robust monetary policy rule for the euro area}},
  institution = {European Central Bank},
  year        = {2010},
  type        = {Working Paper Series, European Central Bank},
  number      = {1210}
}

@Article{Blinder2012,
  author    = {Blinder, A. S.},
  title     = {Revisiting Monetary Policy in a Low-Inflation and Low-Utilization Environment},
  journal   = {Journal of Money, Credit and Banking},
  year      = {2012},
  volume    = {44},
  number    = {s1},
  pages     = {141-146},
  owner     = {FELDKIRC},
  timestamp = {2017.03.27},
}

@InCollection{Blinder1982,
  author    = {Alan S. Blinder},
  title     = {{The Anatomy of Double-Digit Inflation in the 1970s}},
  booktitle = {{Inflation: Causes and Effects}},
  publisher = {National Bureau of Economic Research, Inc},
  year      = {1982},
  series    = {NBER Chapters},
  pages     = {261-282}
}

@Article{Bloom2009,
  author   = {Nicholas Bloom},
  title    = {{The Impact of Uncertainty Shocks}},
  journal  = {Econometrica},
  year     = {2009},
  volume   = {77},
  number   = {3},
  pages    = {623-685},
  month    = {05}
}

@Article{Bobeica2019,
  author    = {Bobeica, Elena and Jaroci\'{n}ski, Marek},
  title     = {{Missing Disinflation and Missing Inflation: A VAR Perspective}},
  journal   = {International Journal of Central Banking},
  year      = {2019},
  volume    = {15},
  number    = {1},
  pages     = {199-232},
  owner     = {FELDKIRC},
  timestamp = {2017.02.20},
}

@Article{Boeckx2017,
  author    = {Boeckx, Jef and Dossche, Maarten and Peersman, Gert},
  title     = {{Effectiveness and Transmission of the ECB's Balance Sheet Policies}},
  journal   = {International Journal of Central Banking},
  year      = {2017},
  volume    = {13},
  number    = {1},
  pages     = {297-333},
  owner     = {FELDKIRC},
  timestamp = {2017.02.20},
}

@Article{Boivin2006,
  author   = {Boivin, Jean},
  title    = {{Has U.S. Monetary Policy Changed? Evidence from Drifting Coefficients and Real-Time Data}},
  journal  = {Journal of Money, Credit and Banking},
  year     = {2006},
  volume   = {38},
  number   = {5},
  pages    = {1149-1173},
  month    = {August}
}

@Article{Boivin2002,
  author   = {Jean Boivin and Marc Giannoni},
  title    = {{Assessing changes in the monetary transmission mechanism: a VAR approach}},
  journal  = {Economic Policy Review},
  year     = {2002},
  number   = {May},
  pages    = {97-111}
}

@Article{Boivin2006a,
  author   = {Jean Boivin and Marc P. Giannoni},
  title    = {{Has Monetary Policy Become More Effective?}},
  journal  = {The Review of Economics and Statistics},
  year     = {2006},
  volume   = {88},
  number   = {3},
  pages    = {445-462},
  month    = {August}
}

@InCollection{Boivin2010,
  author    = {Boivin, Jean and Kiley, Michael T. and Mishkin, Frederic S.},
  title     = {{How Has the Monetary Transmission Mechanism Evolved Over Time?}},
  booktitle = {{Handbook of Monetary Economics}},
  publisher = {Elsevier},
  year      = {2010},
  editor    = {Benjamin M. Friedman and Michael Woodford},
  volume    = {3},
  series    = {Handbook of Monetary Economics},
  chapter   = {8},
  pages     = {369-422},
  month     = {January}
}

@Article{Brady2011,
  author   = {Ryan R. Brady},
  title    = {{Consumer Credit, Liquidity, And The Transmission Mechanism Of Monetary Policy}},
  journal  = {Economic Inquiry},
  year     = {2011},
  volume   = {49},
  number   = {1},
  pages    = {246-263},
  month    = {01}
}

@Article{Curdia2013,
  author   = {Vasco C\'{u}rdia and Andrea Ferrero},
  title    = {{How stimulatory are large-scale asset purchases?}},
  journal  = {FRBSF Economic Letter},
  year     = {2013},
  number   = {aug12}
}

@Article{Canova2009,
  author   = {Canova, Fabio and Gambetti, Luca},
  title    = {{Structural changes in the US economy: Is there a role for monetary policy?}},
  journal  = {Journal of Economic Dynamics and Control},
  year     = {2009},
  volume   = {33},
  number   = {2},
  pages    = {477-490},
  month    = {February}
}

@Article{Carpenter2012,
  author   = {Carpenter, Seth and Demiralp, Selva},
  title    = {{Money, reserves, and the transmission of monetary policy: Does the money multiplier exist?}},
  journal  = {Journal of Macroeconomics},
  year     = {2012},
  volume   = {34},
  number   = {1},
  pages    = {59-75}
}

@TechReport{Castelnuovo2012,
  author      = {Efrem Castelnuovo},
  title       = {{Monetary Policy Neutrality: Sign Restrictions Go to Monte Carlo}},
  institution = {Dipartimento di Scienze Economiche "Marco Fanno"},
  year        = {2012},
  type        = {"Marco Fanno" Working Papers},
  number      = {0151}
}


@article{Castelnuovo2010,
author = {Castelnuovo, Efrem and Surico, Paolo},
title = {Monetary Policy, Inflation Expectations and The Price Puzzle*},
journal = {The Economic Journal},
volume = {120},
number = {549},
pages = {1262-1283},
year = {2010}
}


@Article{Cetorelli2012,
  author    = {Cetorelli, Nicola and Goldberg, Linda S.},
  title     = {Banking Globalization and Monetary Transmission},
  journal   = {The Journal of Finance},
  year      = {2012},
  volume    = {67},
  number    = {5},
  pages     = {1811--1843}
}

@Article{Chen2012,
  author    = {Chen, Han and C\'{u}rdia, Vasco and Ferrero, Andrea},
  title     = {{The Macroeconomic Effects of Large-scale Asset Purchase Programmes}},
  journal   = {The Economic Journal},
  year      = {2012},
  volume    = {122},
  number    = {564},
  pages     = {F289--F315}
}

@Article{Christensen2015,
  author   = {Christensen, Jens H.E. and Krogstrup, Signe},
  title    = {{Transmission of asset purchases: the role of reserves}},
  journal  = {FRBSF Economic Letter},
  year     = {2015}
}

@TechReport{Christensen2013,
  author      = {Jens H. E. Christensen and James M. Gillan},
  title       = {{Does quantitative easing affect market liquidity?}},
  institution = {Federal Reserve Bank of San Francisco},
  year        = {2013},
  type        = {Working Paper Series},
  number      = {2013-26}
}

@Article{Christiano1996,
  author   = {Christiano, Lawrence J and Eichenbaum, Martin and Evans, Charles},
  title    = {{The Effects of Monetary Policy Shocks: Evidence from the Flow of Funds}},
  journal  = {The Review of Economics and Statistics},
  year     = {1996},
  volume   = {78},
  number   = {1},
  pages    = {16-34},
  month    = {February}
}

@InCollection{Christiano1999,
  author    = {Christiano, Lawrence J. and Eichenbaum, Martin and Evans, Charles L.},
  title     = {{Monetary policy shocks: What have we learned and to what end?}},
  booktitle = {{Handbook of Macroeconomics}},
  publisher = {Elsevier},
  year      = {1999},
  editor    = {J. B. Taylor and M. Woodford},
  volume    = {1},
  series    = {Handbook of Macroeconomics, Elsevier},
  chapter   = {2},
  pages     = {65-148}
}

@Article{Chung2012,
  author    = {Chung, Hess and Laforte, Jan-Philippe and Reifschneider, David and Williams, John C.},
  title     = {{Have We Underestimated the Likelihood and Severity of Zero Lower Bound Events?}},
  journal   = {Journal of Money, Credit and Banking},
  year      = {2012},
  volume    = {44},
  pages     = {47--82}
}

@Article{Ciarlone2016,
  author   = {Alessio Ciarlone and Andrea Colabella},
  title    = {{Spillovers of the ECB's non-standard monetary policy into CESEE economies}},
  journal  = {Ensayos sobre pol\'{i}tica econ\'{o}mica},
  year     = {2016},
  volume   = {34},
  number   = {81},
  pages    = {175-190},
  month    = {November}
}

@InCollection{Cogley2002,
  author    = {Timothy Cogley and Thomas J. Sargent},
  title     = {{Evolving Post-World War II U.S. Inflation Dynamics}},
  booktitle = {{NBER Macroeconomics Annual 2001, Volume 16}},
  publisher = {National Bureau of Economic Research, Inc},
  year      = {2002},
  series    = {NBER Chapters},
  pages     = {331-388}
}

@TechReport{Comunale2017,
  author      = {Mariarosaria Comunale and Jonas Striaukas},
  title       = {Unconventional monetary policy: interest rates and low inflation. A review of literature and methods},
  institution = {Center for Operations Research and Econometrics, Universit\'{e} catholique de Louvain},
  year        = {2017},
  type        = {DP},
  number      = {2017/26},
  owner       = {FELDKIRC},
  timestamp   = {2017.11.07},
}

@Article{CrespoCuaresma2019,
  author   = {{Crespo Cuaresma}, Jes\'{u}s, and Doppelhofer, Gernot and Feldkircher, Martin and Huber, Florian},
  title    = {{Spillovers from US monetary policy: evidence from a time varying parameter global vector auto-regressive model}},
  journal  = {Journal of the Royal Statistical Society: Series A\textup{, forthcoming}},
  year     = {2019}
}

@Article{Croushore2006,
  author   = {Croushore, Dean and Evans, Charles L.},
  title    = {{Data revisions and the identification of monetary policy shocks}},
  journal  = {Journal of Monetary Economics},
  year     = {2006},
  volume   = {53},
  number   = {6},
  pages    = {1135-1160},
  month    = {September}
}

@Article{Cushman1997,
  author   = {Cushman, David O. and Zha, Tao},
  title    = {{Identifying monetary policy in a small open economy under flexible exchange rates}},
  journal  = {Journal of Monetary Economics},
  year     = {1997},
  volume   = {39},
  number   = {3},
  pages    = {433-448},
  month    = {August}
}

@Article{DAgostino2012,
  author   = {Antonello D'Agostino and Paolo Surico},
  title    = {{A Century of Inflation Forecasts}},
  journal  = {The Review of Economics and Statistics},
  year     = {2012},
  volume   = {94},
  number   = {4},
  pages    = {1097-1106},
  month    = {November}
}

@Article{DAmico2013,
  author   = {D'Amico, Stefania and King, Thomas B.},
  title    = {{Flow and stock effects of large-scale treasury purchases: Evidence on the importance of local supply}},
  journal  = {Journal of Financial Economics},
  year     = {2013},
  volume   = {108},
  number   = {2},
  pages    = {425-448}
}

@Article{DAmico2013b,
  author   = {D'Amico, Stefania and King, Thomas B.},
  title    = {{Flow and stock effects of large-scale treasury purchases: Evidence on the importance of local supply}},
  journal  = {Journal of Financial Economics},
  year     = {2013},
  volume   = {108},
  number   = {2},
  pages    = {425-448},
}



@Article{deHaan2018,
  author   = {de Haan, Leo and van den End, Jan Willem},
  title    = {{The signalling content of asset prices for inflation: Implications for quantitative easing}},
  journal  = {Economic Systems},
  year     = {2018},
  volume   = {42},
  number   = {1},
  pages    = {45-63}
}

@InCollection{DeLong1997,
  author    = {DeLong, J. Bradford},
  title     = {{America's Peacetime Inflation: The 1970s}},
  booktitle = {Reducing Inflation: Motivation and Strategy},
  publisher = {Chicago: University of Chicago Press},
  year      = {1997},
  editor    = {Romer, Christina and Romer, David},
  owner     = {FELDKIRC},
  timestamp = {2015.02.24},
}


@InCollection{Giannone2010,
  author    = {Giannone,D. and Lenza,M. and Reichlin,L.},
  title     = {{Business Cycles in the Euro Area}},
  booktitle = {Europe and the euro},
  publisher = {Chicago: University of Chicago Press},
  year      = {2010},
  pages     = {141--167},
  editor    = {Alesina, A. and Giavazzi, F.},
  owner     = {FELDKIRC},
  timestamp = {2015.02.24},
}



@Article{Dubois2009,
  author={Emmanuel Dubois and Jerome Hericourt and Valerie Mignon},
  title={{What if the euro had never been launched? A counterfactual analysis of the macroeconomic impact of euro membership}},
  journal={Economics Bulletin},
  year=2009,
  volume={29},
  number={3},
  pages={2241-2255},
  month={},
  keywords={Euro; counterfactual analysis; global VAR.}
}

@Article{Wright2011,
  author  = {Wright, Jonathan H.},
  title   = {{Term Premia and Inflation Uncertainty: Empirical Evidence from an International Panel Dataset}},
  journal = {American Economic Review},
  year    = {2011},
  volume  = {101},
  number  = {4},
  pages   = {1514--34},
}

@Article{Chen2013,
  author  = {Chen, {Yu-chin} and Tsang, Kwok Ping},
  title   = {{What Does the Yield Curve Tell Us about Exchange Rate Predictability?}},
  journal = {The Review of Economics and Statistics},
  year    = {2013},
  volume  = {95},
  number  = {1},
  pages   = {185--205},
}

@TechReport{Devereux2015,
  author      = {Devereux, M. and Young, Eric and Yun, C.},
  title       = {{A New Dilemma: Capital Controls and Monetary Policy in Sudden Stop Economies}},
  institution = {NBER},
  year        = {2015},
  type        = {NBER Working Paper},
  number      = {21791},
  owner       = {mfeldk},
  timestamp   = {2015.02.04},
}

@Article{Doh2010,
  author    = {Taeyoung Doh},
  title     = {{The efficacy of large-scale asset purchases at the zero lower bound}},
  journal   = {Economic Review},
  year      = {2010},
  number    = {Q II},
  pages     = {5-34}
}

@Article{Dunne2015,
  author   = {Dunne, Peter and Everett, Mary and Stuart, Rebecca},
  title    = {{The Expanded Asset Purchase Programme ? What, Why and How of Euro Area QE}},
  journal  = {Quarterly Bulletin Articles},
  year     = {2015},
  pages    = {61-71},
  month    = {July}
}

@Article{Ellis2014,
  author    = {Ellis, Colin and Mumtaz, Haroon and Zabczyk, Pawel},
  title     = {What Lies Beneath? A Time-varying FAVAR Model for the UK Transmission Mechanism},
  journal   = {The Economic Journal},
  year      = {2014},
  volume    = {124},
  number    = {576},
  pages     = {668--699}
}

@TechReport{Endut2013,
  author      = {Endut, N. and Morley, J. and Tien, P.},
  title       = {{The Changing Transmission Mechanism of U.S. Monetary Policy}},
  institution = {Central Bank of Malaysia, University of New South Wales, Wesleyan University},
  year        = {2013},
  owner       = {mfeldk},
  timestamp   = {2015.02.04},
}

@TechReport{ECB2017,
  author      = {{European Central Bank}},
  title       = {Low inflation in the euro area: causes and consequences},
  institution = {Occasional Paper Series},
  year        = {2017},
  number      = {181},
  month       = {January},
  owner       = {FELDKIRC},
  timestamp   = {2017.03.27},
}

@TechReport{Falagiarda2015,
  author      = {Falagiarda, Matteo and McQuade, Peter and Tirp\'{a}k, Marcel},
  title       = {{Spillovers from the ECB's non-standard monetary policies on non-euro area EU countries: evidence from an event-study analysis}},
  institution = {ECB},
  year        = {2015},
  type        = {Working paper},
  number      = {1869},
  owner       = {FELDKIRC},
  timestamp   = {2017.01.18},
}

@Article{Faust1997,
  author   = {Faust, Jon and Leeper, Eric M},
  title    = {{When Do Long-Run Identifying Restrictions Give Reliable Results?}},
  journal  = {Journal of Business \& Economic Statistics, American Statistical Association},
  year     = {1997},
  volume   = {15},
  number   = {3},
  pages    = {345-53},
  month    = {July}
}

@Article{Fawley2012,
  author   = {Brett W. Fawley and Luciana Juvenal},
  title    = {{Quantitative easing: lessons we've learned}},
  journal  = {The Regional Economist},
  year     = {2012}
}

@Article{Fawley2013,
  author   = {Fawley, Brett W. and Neely, Christopher J.},
  title    = {{Four stories of quantitative easing}},
  journal  = {Review},
  year     = {2013},
  pages    = {51-88}
}

@Article{Feldkircher2015,
  author    = {Feldkircher, M. and Huber, F. and Moder, I.},
  title     = {Towards a New Normal: How Different Paths of US Monetary Policy Affect the World Economy},
  journal   = {Economic Notes},
  year      = {2015},
  volume    = {44},
  number    = {3},
  pages     = {409--418}
}

@Article{Fernandez-Villaverde2011,
  author  = {Fern\'{a}ndez-Villaverde, Jes\'{u}s and Guerr\'{o}-Quintana, Pablo and Rubio-Ram\'{i}rez, Juan F. and Uribe, Martin},
  title   = {Risk Matters: The Real Effects of Volatility Shocks},
  journal = {American Economic Review},
  year    = {2011},
  volume  = {101},
  number  = {6},
  pages   = {2530-61}
}

@Article{Forni2010,
  author   = {Forni, Mario and Gambetti, Luca},
  title    = {{The dynamic effects of monetary policy: A structural factor model approach}},
  journal  = {Journal of Monetary Economics},
  year     = {2010},
  volume   = {57},
  number   = {2},
  pages    = {203-216}
}

@Article{Fruehwirth-Schnatter1994,
  author    = {Fr{\"u}hwirth-Schnatter, Sylvia},
  title     = {Data augmentation and dynamic linear models},
  journal   = {Journal of time series analysis},
  year      = {1994},
  volume    = {15},
  number    = {2},
  pages     = {183--202},
  publisher = {Wiley Online Library},
}

@TechReport{Francis2014,
  author      = {Francis, N. and Jackson, L. E. and Owyang, M. T.},
  title       = {How has empirical monetary policy analysis changed after the financial crisis?},
  institution = {Federal Reserve Bank of St. Louis.},
  year        = {2014},
  type        = {Working Papers},
  number      = {2014-19},
  owner       = {FELDKIRC},
  timestamp   = {2017.01.20},
}

@Article{Gagnon2011,
  author    = {Joseph Gagnon and Matthew Raskin and Julie Remache and Brian Sack},
  title     = {{The Financial Market Effects of the Federal Reserve's Large-Scale Asset Purchases}},
  journal   = {International Journal of Central Banking},
  year      = {2011},
  volume    = {7},
  number    = {1},
  pages     = {3-43},
  month     = {March}
}

@Article{Gambacorta2014,
  author   = {Gambacorta, Leonardo and Hofmann, Boris and Peersman, Gert},
  title    = {The Effectiveness of Unconventional Monetary Policy at the Zero Lower Bound: A Cross-Country Analysis},
  journal  = {Journal of Money, Credit and Banking},
  year     = {2014},
  volume   = {46},
  number   = {4},
  pages    = {615--642}
}

@Article{Georgiadis2016a,
  author    = {Georgiadis, Georgios and Mehl, Arnaud},
  title     = {Financial globalisation and monetary policy effectiveness},
  journal   = {Journal of International Economics},
  year      = {2016},
  volume    = {103},
  pages     = {200-212}
}

@TechReport{Inoue2018,
  author    = {Inoue, Atsushi and Rossi, Barbara},
  title     = {The Effects of Conventional and Unconventional Monetary Policy: A New Identication Procedure},
  year      = {2018},
  journal   = {Mimeo},
  institution ={Barcelona Graduate School of Economics}
}

@Article{Giannone2012,
  author    = {Giannone, Domenico and Lenza, Michele and Pill, Huw and Reichlin, Lucrezia},
  title     = {{The ECB and the Interbank Market}},
  journal   = {The Economic Journal},
  year      = {2012},
  volume    = {122},
  number    = {564},
  pages     = {F467--F486}
}

@Article{Moder2019,
  author    = {Moder, Isabella},
  title     = {{Spillovers from the ECB's non-standard monetary policy measures on Southeastern Europe}},
  journal   = {International Journal of Central Banking},
  year      = {2019},
  volume    = {forthcoming},
  owner     = {FELDKIRC},
  timestamp = {2017.02.20},
}

@Article{Giannone2008,
  author    = {Giannone, Domenico and Lenza, Michele and Reichlin, Lucrezia},
  title     = {EXPLAINING THE GREAT MODERATION: IT IS NOT THE SHOCKS},
  journal   = {Journal of the European Economic Association},
  year      = {2008},
  volume    = {6},
  number    = {2-3},
  pages     = {621--633}
}

@TechReport{Halberstadt2016,
  author      = {Halberstadt , Arne and Krippner, L.},
  title       = {{The Effect of Conventional and Unconventional Euro Area Monetary Policy on Macroeconomic Variables}},
  institution = {Deutsche Bundesbank},
  year        = {2016},
  type        = {Discussion Paper},
  number      = {49/2016},
  owner       = {FELDKIRC},
  timestamp   = {2017.01.20},
}

@Article{Hamilton2012,
  author   = {James D. Hamilton and Jing Cynthia Wu},
  title    = {{The Effectiveness of Alternative Monetary Policy Tools in a Zero Lower Bound Environment}},
  journal  = {Journal of Money, Credit and Banking},
  year     = {2012},
  volume   = {44},
  pages    = {3-46},
  month    = {02}
}

@TechReport{Hollo2012,
  author      = {Holl\'{o}, D\'{a}niel and Kremer, Manfred and {Lo Duca}, Marco},
  title       = {{CISS - a composite indicator of systemic stress in the financial system}},
  institution = {European Central Bank},
  year        = {2012},
  type        = {Working Paper Series},
  number      = {1426},
  month       = Mar
}

@Article{Huber2017,
  author    = {Huber, Florian and Punzi, Maria Teresa},
  title     = {The shortage of safe assets in the US investment portfolio: Some international evidence},
  journal   = {Journal of International Money and Finance},
  year      = {2017},
  volume    = {74},
  pages     = {318--336},
  publisher = {Elsevier},
}

@Article{Iacoviello2005,
  author    = {Iacoviello, Matteo},
  title     = {House prices, borrowing constraints, and monetary policy in the business cycle},
  journal   = {The American economic review},
  year      = {2005},
  volume    = {95},
  number    = {3},
  pages     = {739--764},
  publisher = {American Economic Association},
}

@TechReport{Ireland2005,
  author      = {Peter N. Ireland},
  title       = {{The monetary transmission mechanism}},
  institution = {Federal Reserve Bank of Boston},
  year        = {2005},
  type        = {Working Papers},
  number      = {06-1}
}

@Unpublished{Jannsen2014,
  author    = {Jannsen, Nils and Potjagailo, Galina and Wolters, Maik H.},
  title     = {{Monetary Policy during Financial Crises: Is the Transmission Mechanism Impaired?}},
  note      = {Kiel Institute for the World Economy, mimeo.},
  month     = {September},
  year      = {2014},
  owner     = {FELDKIRC},
  timestamp = {2015.02.25},
}

@Article{Jawadi2016,
  author    = {Jawadi, Fredj and Sousa, Ricardo M. and Traverso, Raffaella},
  title     = {On the macroeconomic and wealth effects of unconventional monetary policy},
  journal   = {Macroeconomic Dynamics},
  year      = {2016},
  pages     = {1√Ø¬ø¬Ω16},
  doi       = {10.1017/S1365100515000292},
  publisher = {Cambridge University Press},
}

@Article{Joyce2012,
  author    = {Joyce, Michael and Miles, David and Scott, Andrew and Vayanos, Dimitri},
  title     = {Quantitative Easing and Unconventional Monetary Policy -- an Introduction},
  journal   = {The Economic Journal},
  year      = {2012},
  volume    = {122},
  number    = {564},
  pages     = {F271--F288}
}

@Article{Kim2012,
  author   = {Soyoung Kim and Doo Yong Yang},
  title    = {International monetary transmission in East Asia: Floaters, non-floaters, and capital controls},
  journal  = {Japan and the World Economy},
  year     = {2012},
  volume   = {24},
  number   = {4},
  pages    = {305 - 316}
}

@Article{Koop2009,
  author   = {Koop, Gary and Leon-Gonzalez, Roberto and Strachan, Rodney W.},
  title    = {{On the evolution of the monetary policy transmission mechanism}},
  journal  = {Journal of Economic Dynamics and Control},
  year     = {2009},
  volume   = {33},
  number   = {4},
  pages    = {997-1017},
  month    = {April}
}

@TechReport{Krippner2015,
  author      = {Krippner, L.},
  title       = {A comment on Wu and Xia (2015), and the case for twofactor shadow short rates.},
  institution = {Centre for Applied Macroeconomic Analysis},
  year        = {2015},
  type        = {Working Paper},
  number      = {48/2014},
  owner       = {FELDKIRC},
  timestamp   = {2017.01.20},
}

@Article{Krippner2013,
  author    = {Krippner, L.},
  title     = {Measuring the stance of monetary policy in zero lower bound environments},
  journal   = {Economics Letters},
  year      = {2013},
  volume    = {118},
  number    = {1},
  pages     = {135--138.},
  owner     = {FELDKIRC},
  timestamp = {2017.11.07},
}

@Article{Krishnamurthy2011,
  author    = {Arvind Krishnamurthy and Annette Vissing-Jorgensen},
  title     = {{The Effects of Quantitative Easing on Interest Rates: Channels and Implications for Policy}},
  journal   = {Brookings Papers on Economic Activity},
  year      = {2011},
  volume    = {43},
  number    = {2 (Fall)},
  pages     = {215-287}
}

@Article{Kuttner2002,
  author   = {Kenneth N. Kuttner and Patricia C. Mosser},
  title    = {{The monetary transmission mechanism: some answers and further questions}},
  journal  = {Economic Policy Review},
  year     = {2002},
  pages    = {15-26}
}

@Article{Leeper1996,
  author   = {Eric M. Leeper and Christopher A. Sims and Tao Zha},
  title    = {{What Does Monetary Policy Do?}},
  journal  = {Brookings Papers on Economic Activity},
  year     = {1996},
  volume   = {27},
  number   = {2},
  pages    = {1-78}
}

@Article{Lenza2010,
  author   = {Michele Lenza and Huw Pill and Lucrezia Reichlin},
  title    = {{Monetary policy in exceptional times}},
  journal  = {Economic Policy},
  year     = {2010},
  volume   = {25},
  pages    = {295-339}
}

@Article{Ludvigson2002,
  author   = {Sydney Ludvigson and Charles Steindel and Martin Lettau},
  title    = {{Monetary policy transmission through the consumption-wealth channel}},
  journal  = {Economic Policy Review},
  year     = {2002},
  number   = {May},
  pages    = {117-133}
}

@TechReport{Manganelli2012,
  author      = {Manganelli, Simone},
  title       = {{The impact of the Securities Markets Programme}},
  institution = {European Central Bank},
  year        = {2012},
  type        = {Research Bulletin},
  number      = {17},
  owner       = {FELDKIRC},
  timestamp   = {2015.10.14},
}

@InCollection{Meltzer1986,
  author    = {Meltzer, A.},
  title     = {{Some Evidence on the Comparative Uncertainty Experienced under Different Monetary Regimes}},
  booktitle = {Alternative Monetary Regimes},
  publisher = {Baltimore, MD: Johns Hopkins University Press},
  year      = {1986},
  editor    = {Campbell. C. D. and Dougan, W. R.},
  owner     = {FELDKIRC},
  timestamp = {2015.03.23},
}

@InCollection{Miron1994,
  author    = {Jeffrey A. Miron and Christina D. Romer and David N. Weil},
  title     = {{Historical Perspectives on the Monetary Transmission Mechanism}},
  booktitle = {{Monetary Policy}},
  publisher = {National Bureau of Economic Research, Inc},
  year      = {1994},
  series    = {NBER Chapters},
  pages     = {263-306},
  month     = {December}
}

@Article{Mumtaz2013,
  author   = {Haroon Mumtaz and Francesco Zanetti},
  title    = {{The Impact of the Volatility of Monetary Policy Shocks}},
  journal  = {Journal of Money, Credit and Banking},
  year     = {2013},
  volume   = {45},
  number   = {4},
  pages    = {535-558}
}

@TechReport{Nelson2015,
  author      = {Nelson, Benjamin and Pinter, Gabor and Theodoridis, Konstantinos},
  title       = {{Do contractionary monetary policy shocks expand shadow banking?}},
  institution = {Bank of England},
  year        = {2015},
  type        = {Bank of England working papers},
  number      = {521}
}


@article{Passari2015,
author = {Passari, Evgenia and Rey, H\¬¥{e}l\`{e}ne},
title = {Financial Flows and the International Monetary System},
journal = {The Economic Journal},
volume = {125},
number = {584},
pages = {675-698},
year = {2015}
}



@Article{Rafiq2008,
  author   = {Rafiq, M.S. and Mallick, S.K.},
  title    = {{The effect of monetary policy on output in EMU3: A sign restriction approach}},
  journal  = {Journal of Macroeconomics},
  year     = {2008},
  volume   = {30},
  number   = {4},
  pages    = {1756-1791},
  month    = {December}
}

@Article{Ramey1993,
  author   = {Ramey, Valerie},
  title    = {{How important is the credit channel in the transmission of monetary policy?}},
  journal  = {Carnegie-Rochester Conference Series on Public Policy},
  year     = {1993},
  volume   = {39},
  number   = {1},
  pages    = {1-45},
  month    = {December}
}

@Article{Reinhart2014,
  author   = {Carmen M. Reinhart and Kenneth S. Rogoff},
  title    = {{Recovery from Financial Crises: Evidence from 100 Episodes}},
  journal  = {American Economic Review},
  year     = {2014},
  volume   = {104},
  number   = {5},
  pages    = {50-55},
  month    = {May}
}

@Article{Rigobon2004,
  author    = {Rigobon, R. and Sack, B.},
  title     = {The impact of monetary policy on asset prices},
  journal   = {Journal of Monetary Economics},
  year      = {2004},
  volume    = {51},
  number    = {8},
  pages     = {1553-1575},
  owner     = {FELDKIRC},
  timestamp = {2017.10.19},
}

@Article{Chow1971,
  author    = {Chow, Gregory and Lin, {An-loh}},
  title     = {Best Linear Unbiased Interpolation, Distribution, and Extrapolation of Time Series By Related Series},
  journal   = {Review of Economics and Statistics},
  year      = {1971},
  volume    = {53},
  pages     = {372--375},
  owner     = {FELDKIRC},
  timestamp = {2017.10.19},
}

@Article{Kimura2016,
  author    = {Kimura, T. and Nakajima, J.},
  title     = {Identifying conventional and unconventional monetary policy shocks: A latent threshold approach},
  journal   = {The B.E. Journal of Macroeconomics},
  year      = {2016},
  volume    = {16},
  pages     = {277--300},
  owner     = {FELDKIRC},
  timestamp = {2017.11.13},
}

@Article{Rogers2014,
  author    = {Rogers, John Harold and Scotti, Chiara and Wright, Jonathan H.},
  title     = {{Evaluating Asset-Market Effects of Unconventional Monetary Policy: A Multi-Country Review}},
  journal   = {Economic Policy},
  year      = {2014},
  volume    = {29},
  number    = {80},
  pages     = {3-50},
  owner     = {FELDKIRC},
  timestamp = {2017.11.17},
}

@Article{Romer2013,
  author   = {Christina D. Romer and David H. Romer},
  title    = {{The Missing Transmission Mechanism in the Monetary Explanation of the Great Depression}},
  journal  = {American Economic Review},
  year     = {2013},
  volume   = {103},
  number   = {3},
  pages    = {66-72},
  month    = {May}
}

@Article{Romer2004,
  author   = {Christina D. Romer and David H. Romer},
  title    = {{A New Measure of Monetary Shocks: Derivation and Implications}},
  journal  = {American Economic Review},
  year     = {2004},
  volume   = {94},
  number   = {4},
  pages    = {1055-1084},
  month    = {September}
}

@Article{Scholl2008,
  author   = {Scholl, Almuth and Uhlig, Harald},
  title    = {{New evidence on the puzzles: Results from agnostic identification on monetary policy and exchange rates}},
  journal  = {Journal of International Economics},
  year     = {2008},
  volume   = {76},
  number   = {1},
  pages    = {1-13},
  month    = {September}
}

@Article{Schularick2012,
  author   = {Moritz Schularick and Alan M. Taylor},
  title    = {{Credit Booms Gone Bust: Monetary Policy, Leverage Cycles, and Financial Crises, 1870-2008}},
  journal  = {American Economic Review},
  year     = {2012},
  volume   = {102},
  number   = {2},
  pages    = {1029-61},
  month    = {April}
}

@Article{Sims2001,
  author    = {Sims, C. A.},
  title     = {{Discussion of Cogley and Sargent 'Evolving Post World War II U.S. Inflation Dynamics'}},
  journal   = {NBER Macroeconomics Annual},
  year      = {2001},
  volume    = {16},
  pages     = {373-379.},
  owner     = {FELDKIRC},
  timestamp = {2015.03.17},
}

@Article{Sims2006,
  author    = {Sims, Christopher A. and Zha, Tao},
  title     = {{Does Monetary Policy Generate Recessions?}},
  journal   = {Macroeconomic Dynamics},
  year      = {2006},
  volume    = {10},
  number    = {2},
  pages     = {231-272},
  owner     = {mfeldk},
  timestamp = {2014.11.05},
}

@InCollection{Taylor2002,
  author    = {John B. Taylor},
  title     = {{The Monetary Transmission Mechanism and the Evaluation of Monetary Policy Rules}},
  booktitle = {{Monetary Policy: Rules and Transmission Mechanisms}},
  publisher = {Central Bank of Chile},
  year      = {2002},
  editor    = {Norman Loayza and Klaus Schmidt-Hebbel and Norman Loayza (Series Editor) and Klaus Schmidt-Hebbel (Series},
  volume    = {4},
  series    = {Central Banking, Analysis, and Economic Policies Book Series},
  chapter   = {2},
  pages     = {021-046},
  month     = {July}
}

@Article{Taylor1995,
  author    = {Taylor, John B.},
  title     = {{The Monetary Transmission Mechanism: An Empirical Framework}},
  journal   = {Journal of Economic Perspectives},
  year      = {1995},
  volume    = {9},
  pages     = {11-26},
  owner     = {FELDKIRC},
  timestamp = {2015.09.18},
}

@Article{Taylor1993,
  author   = {Taylor, John B.},
  title    = {{Discretion versus policy rules in practice}},
  journal  = {Carnegie-Rochester Conference Series on Public Policy},
  year     = {1993},
  volume   = {39},
  number   = {1},
  pages    = {195-214},
  month    = {December}
}

@Article{Thorbecke1997,
  author    = {Thorbecke, W.},
  title     = {On stock market returns and monetary Policy},
  journal   = {Journal of Finance},
  year      = {1997},
  volume    = {52},
  number    = {2},
  pages     = {635-654},
  owner     = {FELDKIRC},
  timestamp = {2017.10.19},
}

@Article{Tobin1969,
  author    = {Tobin, J.},
  title     = {A general equilibrium approach to monetary theory},
  journal   = {Journal of Money, Credit and Banking},
  year      = {1969},
  volume    = {1},
  pages     = {15-29},
  owner     = {FELDKIRC},
  timestamp = {2017.01.26},
}

@Article{Walentin2014,
  author   = {Karl Walentin},
  title    = {Business cycle implications of mortgage spreads},
  journal  = {Journal of Monetary Economics},
  year     = {2014},
  volume   = {67},
  pages    = {62 - 77},
  issn     = {0304-3932}
}

@Article{Weale2016,
  author   = {Martin Weale and Tomasz Wieladek},
  title    = {What are the macroeconomic effects of asset purchases?},
  journal  = {Journal of Monetary Economics},
  year     = {2016},
  volume   = {79},
  pages    = {81 - 93},
  issn     = {0304-3932}
}

@TechReport{Wieladek2016,
  author      = {Tomasz Wieladek and Antonio I. Garcia Pascual},
  title       = {{The European Central Bank's QE: A New Hope}},
  institution = {CESifo Group Munich},
  year        = {2016},
  type        = {CESifo Working Paper Series},
  number      = {5946}
}

@Article{Wu2016,
  author   = {Wu, Jing Cynthia and Xia, Fan Dora},
  title    = {Measuring the Macroeconomic Impact of Monetary Policy at the Zero Lower Bound},
  journal  = {Journal of Money, Credit and Banking},
  year     = {2016},
  volume   = {48},
  number   = {2-3},
  pages    = {253--291}
}

@Article{Gambetti2017,
  author        = {Gambetti, Luca and Musso, Alberto},
  title         = {Loan supply shocks and the business cycle},
  journal       = {Journal of Applied Econometrics},
  year          = {2017},
  volume        = {32},
  number        = {4},
  pages         = {764--782},
  __markedentry = {[FELDKIRC:]},
  publisher     = {Wiley Online Library},
}

@InCollection{Adrian2010,
  author        = {Adrian, Tobias and Shin, Hyun Song},
  title         = {{Financial Intermediaries and Monetary Economics}},
  booktitle     = {{Handbook of Monetary Economics}},
  publisher     = {Elsevier},
  year          = {2010},
  editor        = {Benjamin M. Friedman and Michael Woodford},
  volume        = {3},
  series        = {Handbook of Monetary Economics},
  chapter       = {12},
  pages         = {601--650}
}

@Article{Benetrix2015,
  author        = {B\'{e}n\'{e}trix, Agustin S. and Lane, Philip R. and Shambaugh, Jay C.},
  title         = {{International currency exposures, valuation effects and the global financial crisis}},
  journal       = {Journal of International Economics},
  year          = {2015},
  volume        = {96},
  number        = {S1},
  pages         = {S98--S109}
}

@TechReport{Beck2009,
  author        = {Beck , Thorsten and {Demirguc-Kunt}, Asli and Levine, Ross},
  title         = {{Financial institutions and markets across countries and over time - data and analysis}},
  institution   = {The World Bank},
  year          = {2009},
  type          = {Policy Research Working Paper Series},
  number        = {4943}
}

@Article{Bekaert2013a,
  author        = {Geert Bekaert and Marie Hoerova and Marco Lo Duca},
  title         = {Risk, uncertainty and monetary policy},
  journal       = {Journal of Monetary Economics},
  year          = {2013},
  volume        = {60},
  number        = {7},
  pages         = {771--788}
}

@TechReport{Bernanke2007,
  author        = {Bernanke, B.S.},
  title         = {{Globalization and Monetary Policy}},
  institution   = {Speech at the Fourth Economic Summit, Stanford Institute for Economic Policy Research, Stanford,},
  year          = {2007},
  __markedentry = {[FELDKIRC:]},
  owner         = {FELDKIRC},
  timestamp     = {2015.06.17},
}

@TechReport{Binder2013,
  author        = {Binder, Michael and Gross, Marco},
  title         = {{Regime-switching global vector autoregressive models}},
  institution   = {European Central Bank},
  year          = {2013},
  type          = {Working Paper Series},
  number        = {1569}
}

@Article{Bitto2014,
  author        = {Bitto, Angela and Fr{\"u}hwirth-Schnatter, Sylvia},
  title         = {{Time-varying parameter models--achieving shrinkage and variable selection}},
  journal       = {Unpublished manuscript},
  year          = {2014},
  __markedentry = {[FELDKIRC:]},
  owner         = {FELDKIRC},
  timestamp     = {2018.03.30},
}

@Article{Breitfus2018,
  author        = {Breitfu\ss, S.Sebastian and Feldkircher, Martin and Huber, Florian},
  title         = {Changes in US Monetary Policy and Its Transmission over the Last Century},
  journal       = {German Economic Review},
  year          = {2018},
  volume        = {forthcoming}
}

@Article{Canova2004,
  author        = {Canova, Fabio and Ciccarelli, Matteo},
  title         = {{Forecasting and turning point predictions in a Bayesian panel VAR model}},
  journal       = {Journal of Econometrics},
  year          = {2004},
  volume        = {120},
  number        = {2},
  pages         = {327--359},
  __markedentry = {[FELDKIRC:]},
  owner         = {FELDKIRC},
  publisher     = {Elsevier},
  timestamp     = {2018.03.30},
}

@Article{Carriero2016,
  author        = {Andrea Carriero and Todd E. Clark and Massimiliano Marcellino},
  title         = {Common Drifting Volatility in Large Bayesian VARs},
  journal       = {Journal of Business \& Economic Statistics},
  year          = {2016},
  volume        = {34},
  number        = {3},
  pages         = {375-390}
}

@Article{Carter1994,
  author        = {Carter, Chris K and Kohn, Robert},
  title         = {{On Gibbs sampling for state space models}},
  journal       = {Biometrika},
  year          = {1994},
  volume        = {81},
  number        = {3},
  pages         = {541--553},
  __markedentry = {[FELDKIRC:]},
  owner         = {FELDKIRC},
  publisher     = {Biometrika Trust},
  timestamp     = {2018.03.30},
}

@TechReport{Cesa-Bianchi2014,
  author        = {Cesa-Bianchi, Ambrogio and Pesaran, M Hashem and Rebucci, Alessandro},
  title         = {{Uncertainty and economic activity: A global perspective}},
  institution   = {CESifo Working Paper},
  year          = {2014},
  __markedentry = {[FELDKIRC:]},
  owner         = {FELDKIRC},
  timestamp     = {2018.03.30},
}

@Article{Christiano2005,
  author        = {Christiano, Lawrence J and Eichenbaum, Martin and Evans, Charles L},
  title         = {Nominal rigidities and the dynamic effects of a shock to monetary policy},
  journal       = {Journal of political Economy},
  year          = {2005},
  volume        = {113},
  number        = {1},
  pages         = {1--45},
  __markedentry = {[FELDKIRC:]},
  publisher     = {JSTOR},
}

@Article{Ciccarelli2013,
  author        = {Ciccarelli, M. and Maddaloni, A. and Peydr\'{o}, J.-L.},
  title         = {Heterogeneous transmission mechanism: monetary policy and financial fragility in the eurozone},
  journal       = {Economic policy},
  year          = {2013},
  volume        = {28},
  number        = {75},
  pages         = {459--512},
  __markedentry = {[FELDKIRC:]},
  publisher     = {JSTOR},
}

@Article{Clark2011,
  author        = {Clark, Todd E},
  title         = {Real-time density forecasts from Bayesian vector autoregressions with stochastic volatility},
  journal       = {Journal of Business \& Economic Statistics},
  year          = {2011},
  volume        = {29},
  number        = {3},
  __markedentry = {[FELDKIRC:]},
  owner         = {FELDKIRC},
  timestamp     = {2018.03.30},
}

@Article{Cogley2005,
  author        = {Cogley, Timothy and Morozov, Sergei and Sargent, Thomas J},
  title         = {Bayesian fan charts for UK inflation: Forecasting and sources of uncertainty in an evolving monetary system},
  journal       = {Journal of Economic Dynamics and Control},
  year          = {2005},
  volume        = {29},
  number        = {11},
  pages         = {1893--1925},
  __markedentry = {[FELDKIRC:]},
  owner         = {FELDKIRC},
  publisher     = {Elsevier},
  timestamp     = {2018.03.30},
}

@Article{Coibion2012,
  author        = {Olivier Coibion},
  title         = {{Are the Effects of Monetary Policy Shocks Big or Small?}},
  journal       = {American Economic Journal: Macroeconomics},
  year          = {2012},
  volume        = {4},
  number        = {2},
  pages         = {1--32},
  month         = {April}
}

@InCollection{Corsetti2010,
  author        = {Giancarlo Corsetti and Luca Dedola and Sylvain Leduc},
  title         = {{Optimal Monetary Policy in Open Economies}},
  booktitle     = {{Handbook of Monetary Economics}},
  publisher     = {Elsevier},
  year          = {2010},
  editor        = {Benjamin M. Friedman and Michael Woodford},
  volume        = {3},
  series        = {Handbook of Monetary Economics},
  pages         = {3--1520}
}

@Article{DAgostino2011,
  author        = {{D'Agostino}, Antonello and Gambetti, Luca and Giannone, Domenico},
  title         = {Macroeconomic forecasting and structural change},
  journal       = {Journal of Applied Econometrics},
  year          = {2011},
  __markedentry = {[FELDKIRC:]},
  owner         = {FELDKIRC},
  publisher     = {Wiley Online Library},
  timestamp     = {2018.03.30},
}

@TechReport{Dees2010,
  author        = {Dees, Stephane and Pesaran, Hashem and Smith, Vanessa and Smith, Ron P.},
  title         = {{Supply, demand and monetary policy shocks in a multi-country New Keynesian Model}},
  institution   = {European Central Bank},
  year          = {2010},
  type          = {Working Paper Series},
  number        = {1239}
}

@Article{Ehrmann2005,
  author        = {Ehrmann, M. and M. Fratzscher},
  title         = {{Equal Size, Equal Role? Interest Rate Interdependence Between the Euro Area and the United States}},
  journal       = {The Economic Journal},
  year          = {2005},
  volume        = {115},
  pages         = {928--948},
  __markedentry = {[FELDKIRC:]},
}

@Article{Ehrmann2011,
  author        = {Michael Ehrmann and Marcel Fratzscher and Roberto Rigobon},
  title         = {Stocks, bonds, money markets and exchange rates: measuring international financial transmission},
  journal       = {Journal of Applied Econometrics},
  year          = {2011},
  volume        = {26},
  number        = {6},
  pages         = {948--974}
}

@TechReport{Eisenstat2014,
  author        = {Eisenstat, Eric and Strachan, Rodney W},
  title         = {Modelling Inflation Volatility},
  institution   = {Centre for Applied Macroeconomic Analysis, Crawford School of Public Policy, The Australian National University},
  year          = {2014},
  __markedentry = {[FELDKIRC:]},
  owner         = {FELDKIRC},
  timestamp     = {2018.03.30},
}

@TechReport{Engen2015,
  author        = {Engen, Eric M. and Laubach, Thomas T. and Reifschneider, David},
  title         = {{The Macroeconomic Effects of the Federal Reserve√¢¬Ä¬ôs Unconventional Monetary Policies}},
  institution   = {Board of Governors of the Federal Reserve System (U.S.)},
  year          = {2015},
  type          = {Finance and Economic Discussion Series},
  number        = {2015-005},
  __markedentry = {[FELDKIRC:]},
  owner         = {FELDKIRC},
  timestamp     = {2015.12.01},
}

@TechReport{Erceg2009,
  author        = {Christopher J. Erceg and Luca Guerrieri and Steven B. Kamin},
  title         = {{Did easy money in the dollar bloc fuel the global commodity boom?}},
  institution   = {Board of Governors of the Federal Reserve System (U.S.)},
  year          = {2009},
  type          = {International Finance Discussion Papers},
  number        = {979},
  __markedentry = {[FELDKIRC:]},
  date-added    = {2018-04-24 08:18:47 +0000},
  date-modified = {2018-04-24 08:20:00 +0000},
}

@Article{Fama1990,
  author        = {Fama, Eugene F},
  title         = {Term-structure forecasts of interest rates, inflation and real returns},
  journal       = {Journal of Monetary Economics},
  year          = {1990},
  volume        = {25},
  number        = {1},
  pages         = {59--76},
  __markedentry = {[FELDKIRC:]},
  owner         = {FELDKIRC},
  publisher     = {Elsevier},
  timestamp     = {2018.03.30},
}

@Article{Faust2007,
  author        = {Faust, J. and Rogers, J. H. and Wang, S. B. and Wright, J. H.},
  title         = {{The High-Frequency Response of Exchange Rates and Interest Rates to Macroeconomic Announcements}},
  journal       = {Journal of Monetary Economics},
  year          = {2007},
  volume        = {54},
  pages         = {1051--1068},
  __markedentry = {[FELDKIRC:]},
  date-modified = {2018-04-22 07:56:43 +0000},
}

@Article{Feldkircher2015b,
  author        = {Feldkircher, M. and Moder, I. and Huber, F.},
  title         = {{Towards a New Normal -- How Different Paths of US Monetary Policy affect the World Economy}},
  journal       = {Economic Notes},
  year          = {2015},
  volume        = {44},
  number        = {3},
  pages         = {409--418},
  __markedentry = {[FELDKIRC:]},
  owner         = {FELDKIRC},
  timestamp     = {2015.03.19},
}

@Article{Feldkircher2018a,
  author         = {Feldkircher, Martin and Huber, Florian},
  title          = {Unconventional U.S. Monetary Policy: New Tools, Same Channels?},
  journal        = {Journal of Risk and Financial Management},
  year           = {2018},
  volume         = {11},
  number         = {4}
}

@TechReport{Fernandez2015,
  author        = {Andr\'{e}s Fern\'{a}ndez and Michael W. Klein and Alessandro Rebucci and Martin Schindler and Mart\'{i}n Uribe},
  title         = {{Capital Control Measures: A New Dataset}},
  institution   = {National Bureau of Economic Research, Inc},
  year          = {2015},
  type          = {NBER Working Papers},
  number        = {20970}
}

@Article{Forbes2004,
  author        = {Forbes, Kristin J. and Chinn, Menzie D.},
  title         = {{A Decomposition of Global Linkages In Financial Markets Over Time}},
  journal       = {Review of Economics and Statistics},
  year          = {2004},
  volume        = {86},
  number        = {3},
  pages         = {705--722},
  __markedentry = {[FELDKIRC:]},
  date-modified = {2018-04-22 07:57:07 +0000},
}

@Article{Fruehwirth-Schnatter2010,
  author        = {Fr{\"u}hwirth-Schnatter, Sylvia and Wagner, Helga},
  title         = {Stochastic model specification search for Gaussian and partial non-Gaussian state space models},
  journal       = {Journal of Econometrics},
  year          = {2010},
  volume        = {154},
  number        = {1},
  pages         = {85--100},
  __markedentry = {[FELDKIRC:]},
  owner         = {FELDKIRC},
  publisher     = {Elsevier},
  timestamp     = {2018.03.30},
}

@Article{Fratzscher2018,
  author        = {Fratzscher, Marcel and {Lo Duca}, M. and Straub, Roland},
  title         = {{On the International Spillovers of US Quantitative Easing}},
  journal       = {The Economic Journal},
  year          = {2018},
  volume        = {128},
  pages         = {330--337},
  __markedentry = {[FELDKIRC:]},
}

@TechReport{Galesi2009,
  author        = {Galesi, Alessandro and Sgherri, Silvia},
  title         = {{Regional Financial Spillovers Across Europe: A Global VAR Analysis}},
  institution   = {International Monetary Fund},
  year          = {2009},
  type          = {IMF Working Papers},
  number        = {09/23},
  month         = Feb
}

@Article{Gertler2015,
  author        = {Mark Gertler and Peter Karadi},
  title         = {Monetary policy surprises, credit costs, and economic activity},
  journal       = {American Economic Journal: Macroeconomics},
  year          = {2015},
  volume        = {7},
  number        = {1},
  pages         = {44--76},
  month         = {Jan.},
  __markedentry = {[FELDKIRC:]},
}

@InProceedings{Geweke1992,
  author        = {Geweke, John},
  title         = {Evaluating the accuracy of sampling-based approaches to the calculation of posterior moments},
  booktitle     = {Bayesian Statistics 4},
  year          = {1992},
  editor        = {Bernardo, J M and Berger, J O and Dawid, A P and Smith, A F M},
  pages         = {pp. 169--193},
  publisher     = {Oxford University Press, Oxford},
  __markedentry = {[FELDKIRC:]},
}

@Article{Giannone2015,
  author        = {Giannone, Domenico and Lenza, Michele and Primiceri, Giorgio E},
  title         = {Prior selection for vector autoregressions},
  year          = {2015},
  volume        = {97},
  number        = {2},
  pages         = {436--451},
  __markedentry = {[FELDKIRC:]},
  owner         = {FELDKIRC},
  timestamp     = {2018.03.30},
}

@Article{Giordani2008,
  author        = {Giordani, Paolo and Kohn, Robert},
  title         = {Efficient Bayesian inference for multiple change-point and mixture innovation models},
  journal       = {Journal of Business \& Economic Statistics},
  year          = {2008},
  volume        = {26},
  number        = {1},
  pages         = {66--77},
  __markedentry = {[FELDKIRC:]},
  publisher     = {Taylor \& Francis},
}

@Article{Giordani2010,
  author        = {Giordani, Paolo and Villani, Mattias},
  title         = {Forecasting macroeconomic time series with locally adaptive signal extraction},
  journal       = {International Journal of Forecasting},
  year          = {2010},
  volume        = {26},
  number        = {2},
  pages         = {312--325},
  __markedentry = {[FELDKIRC:]},
  owner         = {FELDKIRC},
  publisher     = {Elsevier},
  timestamp     = {2018.03.30},
}

@TechReport{Gyglia2018,
  author        = {Gyglia, Savina and Haelgb, Florian and Sturm, Jan-Egbert},
  title         = {{The KOF Globalisation Index -- Revisited}},
  institution   = {ETH Z\"{u}rich},
  year          = {2018},
  type          = {KOF Working Papers},
  number        = {439},
  month         = feb,
  __markedentry = {[FELDKIRC:]},
}

@Book{Harvey1990,
  title         = {{Forecasting, structural time series models and the Kalman filter}},
  publisher     = {Cambridge university press},
  year          = {1990},
  author        = {Harvey, A. C.},
  __markedentry = {[FELDKIRC:]},
  owner         = {FELDKIRC},
  timestamp     = {2016.07.29},
}

@Article{Hausman2011,
  author        = {Hausman, Joshua and Wongswan, Jon},
  title         = {{Global asset prices and FOMC announcements}},
  journal       = {Journal of International Money and Finance},
  year          = {2011},
  volume        = {30},
  number        = {3},
  pages         = {547--571},
  month         = {April}
}

@Article{Huber2019,
  author        = {Florian Huber and Martin Feldkircher},
  title         = {Adaptive Shrinkage in Bayesian Vector Autoregressive Models},
  journal       = {Journal of Business \& Economic Statistics},
  year          = {2019},
  volume        = {37},
  number        = {1},
  pages         = {27--39}
}

@Article{Kuttner2001,
  author        = {Kuttner, Kenneth N.},
  title         = {{Monetary policy surprises and interest rates: Evidence from the Fed funds futures market}},
  journal       = {Journal of Monetary Economics},
  year          = {2001},
  volume        = {47},
  number        = {3},
  pages         = {523-544},
  month         = {June}
}

@Article{Huber2018,
  author        = {{Huber}, F. and {Kastner}, G. and {Feldkircher}, M.},
  title         = {{Should I stay or should I go? A latent threshold approach to large-scale mixture innovation models}},
  journal       = {Journal of Applied Econometrics},
  year          = {2018},
  volume        = {forthcoming},
  __markedentry = {[FELDKIRC:]},
  keywords      = {Statistics - Methodology, Economics - Econometrics, Statistics - Applications, Statistics - Computation},
  primaryclass  = {stat.ME},
}

@InCollection{Kamin2013,
  author        = {Kamin, Steven B.},
  title         = {{Financial Globalization and Monetary Policy}},
  booktitle     = {Handbooks in Financial Globalization},
  publisher     = {Elsevier UK: Academic Press},
  year          = {2013},
  volume        = {3},
  pages         = {391--415},
  __markedentry = {[FELDKIRC:]},
}

@Article{Klein2008,
  author        = {Klein, Michael W. and Shambaugh, Jay C.},
  title         = {{The dynamics of exchange rate regimes: Fixes, floats, and flips}},
  journal       = {Journal of International Economics},
  year          = {2008},
  volume        = {75},
  number        = {1},
  pages         = {70--92}
}

@Article{Koop2012,
  author        = {Koop, Gary},
  title         = {Using VARs and TVP-VARs with Many Macroeconomic Variables},
  journal       = {Central European Journal of Economic Modelling and Econometrics},
  year          = {2012},
  volume        = {4},
  number        = {3},
  pages         = {143--167},
  __markedentry = {[FELDKIRC:]},
  owner         = {FELDKIRC},
  publisher     = {Polska Akademia Nauk Oddzia{\l} w {\L}odzi},
  timestamp     = {2018.03.30},
}

@Article{Koop2013a,
  author        = {Koop, Gary and Korobilis, Dimitris},
  title         = {Large time-varying parameter VARs},
  journal       = {Journal of Econometrics},
  year          = {2013},
  volume        = {177},
  number        = {2},
  pages         = {185--198},
  __markedentry = {[FELDKIRC:]},
  owner         = {FELDKIRC},
  publisher     = {Elsevier},
  timestamp     = {2018.03.30},
}

@Article{Koop2011,
  author        = {Koop, Gary and Leon-Gonzalez, Roberto and Strachan, Rodney W.},
  title         = {{Bayesian inference in a time varying cointegration model}},
  journal       = {Journal of Econometrics},
  year          = {2011},
  volume        = {165},
  number        = {2},
  pages         = {210--220}
}

@Article{Korobilis2013,
  author        = {Korobilis, Dimitris},
  title         = {{Assessing the Transmission of Monetary Policy Using Time-varying Parameter Dynamic Factor Models}},
  journal       = {Oxford Bulletin of Economics and Statistics},
  year          = {2013},
  volume        = {75},
  number        = {2},
  pages         = {157--179},
  __markedentry = {[FELDKIRC:]},
  owner         = {FELDKIRC},
  publisher     = {Wiley Online Library},
  timestamp     = {2018.03.30},
}

@Article{Kose2009,
  author        = {Kose, M. A. and Prasad, E. and Rogoff, K. and Wei, S.J.},
  title         = {{Financial Globalization: A Reappraisal}},
  journal       = {IMF Staff Papers},
  year          = {2009},
  volume        = {56},
  number        = {1},
  pages         = {8--62},
  __markedentry = {[FELDKIRC:]},
  date-added    = {2018-04-22 12:33:42 +0000},
  date-modified = {2018-04-22 12:43:57 +0000},
  institution   = {IMF},
  rating        = {0},
}

@Article{Ley2009,
  author        = {Eduardo Ley and Mark F.J. Steel},
  title         = {On the effect of prior assumptions in Bayesian model averaging with applications to growth regression},
  journal       = {Journal of Applied Econometrics},
  year          = {2009},
  volume        = {24},
  number        = {4},
  pages         = {651--674}
}

@Manual{Leydold2015,
  title         = {{GIGrvg}: Random variate generator for the {GIG} distribution},
  author        = {Josef Leydold and Wolfgang H{\"o}rmann},
  year          = {2015},
  note          = {R package version 0.4}
}

@Article{Li2010,
  author        = {Yun Daisy Li and Talan B. Iscan and Kuan Xu},
  title         = {The impact of monetary policy shocks on stock prices: Evidence from Canada and the United States},
  journal       = {Journal of International Money and Finance},
  year          = {2010},
  volume        = {29},
  number        = {5},
  pages         = {876--896}
}

@TechReport{Lopes2013,
  author        = {Lopes, Hedibert F and McCulloch, RE and Tsay, RS},
  title         = {{Cholesky Stochastic Volatility Models for High-Dimensional Time Series}},
  institution   = {University of Chicago, mimeo.},
  year          = {2013},
  __markedentry = {[FELDKIRC:]},
  owner         = {FELDKIRC},
  timestamp     = {2018.03.30},
}

@Article{Masanjala2008,
  author        = {Masanjala, Winford H. and Papageorgiou, Chris},
  title         = {Rough and lonely road to prosperity: a reexamination of the sources of growth in Africa using Bayesian model averaging},
  journal       = {Journal of Applied Econometrics},
  year          = {2008},
  volume        = {23},
  number        = {5},
  pages         = {671--682}
}

@Article{Miniane2007,
  author        = {Miniane, Jacques and Rogers, John H.},
  title         = {{Capital Controls and the International Transmission of U.S. Money Shocks}},
  journal       = {Journal of Money, Credit and Banking},
  year          = {2007},
  volume        = {39},
  number        = {5},
  pages         = {1003--1035}
}

@TechReport{Miranda-Agrippino2015,
  author        = {Silvia Miranda-Agrippino and Helene Rey},
  title         = {World asset markets and the global financial cycle},
  institution   = {NBER},
  year          = {2015},
  type          = {NBER Working Paper},
  number        = {21722},
  month         = {Nov},
  __markedentry = {[FELDKIRC:]},
}

@TechReport{Miranda-Agrippino2015a,
  author        = {Silvia Miranda-Agrippino and Giovanni Ricco},
  title         = {{The Transmission of Monetary Policy Shocks}},
  institution   = {Centre for Macroeconomics (CFM)},
  year          = {2015},
  type          = {Discussion Papers},
  number        = {1711},
  month         = Sep
}

@Article{Mishkin2009,
  author        = {Frederic S. Mishkin},
  title         = {{Globalization, Macroeconomic Performance, and Monetary Policy}},
  journal       = {Journal of Money, Credit and Banking},
  year          = {2009},
  volume        = {41},
  number        = {s1},
  pages         = {187--196}
}

@Book{Mishkin2006,
  title         = {{The Next Great Globalization: How Disadvantaged Nations Can Harness Their Financial Systems to Get Rich}},
  publisher     = {Princeton University Press},
  year          = {2006},
  author        = {Frederic S. Mishkin}
}

@TechReport{Moder2017,
  author        = {Moder, Isabella},
  title         = {{Spillovers from the ECB's non-standard monetary policy measures on Southeastern Europe}},
  institution   = {European Central Bank},
  year          = {2017},
  type          = {Working Paper},
  number        = {2095},
  __markedentry = {[FELDKIRC:]},
  owner         = {FELDKIRC},
  timestamp     = {2017.02.20},
}

@Article{Mountford2009,
  author        = {Mountford, Andrew and Uhlig, Harald},
  title         = {What are the effects of fiscal policy shocks?},
  journal       = {Journal of applied econometrics},
  year          = {2009},
  volume        = {24},
  number        = {6},
  pages         = {960--992},
  __markedentry = {[FELDKIRC:]},
  owner         = {FELDKIRC},
  publisher     = {Wiley Online Library},
  timestamp     = {2018.03.30},
}

@TechReport{Neri2006,
  author        = {Neri, Stefano and Nobili, Andrea},
  title         = {The transmission of monetary policy shocks from the US to the euro area},
  institution   = {Bank of Italy, Economic Research and International Relations Area},
  year          = {2006},
  type          = {Temi di discussione (Economic working papers)},
  number        = {606}
}

@Book{Obstfeld1995,
  title         = {Foundations of International Macroeconomics},
  publisher     = {The MIT Press},
  year          = {1995},
  author        = {Maurice Obstfeld and Kenneth Rogoff},
  __markedentry = {[FELDKIRC:]},
}

@Article{Orphanides2003,
  author        = {Orphanides, Athanasios},
  title         = {{Historical monetary policy analysis and the Taylor rule}},
  journal       = {Journal of Monetary Economics},
  year          = {2003},
  volume        = {50},
  number        = {5},
  pages         = {983--1022}
}

@Article{Pitt1999,
  author        = {Pitt, Mark and Shephard, Neil},
  title         = {Time varying covariances: a factor stochastic volatility approach},
  journal       = {Bayesian statistics},
  year          = {1999},
  volume        = {6},
  pages         = {547--570},
  __markedentry = {[FELDKIRC:]},
  owner         = {FELDKIRC},
  publisher     = {Oxford University Press},
  timestamp     = {2018.03.30},
}

@Article{Quinn2011,
  author        = {Quinn, D. P. and Schindler, M. and Toyoda, M. A.},
  title         = {{Assessing Measures of Financial Openness and Integration}},
  journal       = {IMF Economic Review},
  year          = {2011},
  volume        = {59},
  number        = {3},
  pages         = {488--522},
  __markedentry = {[FELDKIRC:]},
  date-added    = {2018-04-22 12:44:31 +0000},
  date-modified = {2018-04-22 12:45:42 +0000},
}

@TechReport{Rey2015,
  author        = {Helene Rey},
  title         = {Dilemma not Trilemma: the global cycle and monetary policy independence},
  institution   = {NBER},
  year          = {2015},
  type          = {NBER Working Paper},
  month         = {May},
  __markedentry = {[FELDKIRC:]},
  booktitle     = {Symposium on ``Global Dimensions of Uncoventional Monetary Policy''},
}

@Article{Ritter1992,
  author        = {Ritter, Christian and Tanner, Martin A},
  title         = {Facilitating the Gibbs sampler: the Gibbs stopper and the griddy-Gibbs sampler},
  journal       = {Journal of the American Statistical Association},
  year          = {1992},
  volume        = {87},
  number        = {419},
  pages         = {861--868},
  __markedentry = {[FELDKIRC:]},
  publisher     = {Taylor \& Francis Group},
}

@Article{Rogers2018,
  author        = {Rogers, John H. and Scotti, Chiara and Wright, Jonathan H.},
  title         = {Unconventional Monetary Policy and International Risk Premia},
  journal       = {Journal of Money, Credit and Banking},
  year          = {2018},
  volume        = {forthcoming}
}

@InCollection{Rudebusch1999,
  author        = {Rudebusch, Glenn and Svensson, Lars EO},
  title         = {Policy rules for inflation targeting},
  booktitle     = {Monetary policy rules},
  publisher     = {University of Chicago Press},
  year          = {1999},
  pages         = {203--262},
  __markedentry = {[FELDKIRC:]},
}

@Article{Rue2001,
  author        = {Rue, H{\aa}vard},
  title         = {Fast sampling of Gaussian Markov random fields},
  journal       = {Journal of the Royal Statistical Society: Series B (Statistical Methodology)},
  year          = {2001},
  volume        = {63},
  number        = {2},
  pages         = {325--338},
  __markedentry = {[FELDKIRC:]},
  owner         = {FELDKIRC},
  publisher     = {Wiley Online Library},
  timestamp     = {2018.03.30},
}

@Article{Shambaugh2004,
  author        = {Shambaugh, J. C.},
  title         = {{The Effect of Fixed Exchange Rates on Monetary Policy}},
  journal       = {The Quarterly Journal of Economics},
  year          = {2004},
  pages         = {301--352},
  __markedentry = {[FELDKIRC:]},
}

@Article{Sims2001a,
  author        = {Sims, C. A.},
  title         = {{Discussion of Cogley and Sargent 'Evolving Post World War II U.S. Inflation Dynamics'}},
  journal       = {NBER Macroeconomics Annual},
  year          = {2001},
  volume        = {16},
  pages         = {373--379},
  __markedentry = {[FELDKIRC:]},
  owner         = {FELDKIRC},
  timestamp     = {2015.03.17},
}

@Article{Sims1992b,
  author        = {Sims, Christopher A},
  title         = {Interpreting the macroeconomic time series facts: The effects of monetary policy},
  journal       = {European Economic Review},
  year          = {1992},
  volume        = {36},
  number        = {5},
  pages         = {975--1000},
  __markedentry = {[FELDKIRC:]},
  owner         = {FELDKIRC},
  publisher     = {Elsevier},
  timestamp     = {2018.03.30},
}

@Misc{Stein2012,
  author        = {Stein, Jeremy C},
  title         = {{Evaluating Large-Scale Asset Purchases}},
  howpublished  = {Speech at the Brookings Institution, Washington, D.C.},
  month         = {October},
  year          = {2012}
}

@Article{Stock2012,
  author        = {James H. Stock and Mark W. Watson},
  title         = {Disentangling the channels of the 2007-09 Recession},
  journal       = {Brookings Papers on Economic Activity},
  year          = {2012},
  volume        = {44},
  number        = {1},
  pages         = {81--156},
  month         = {Spring},
  __markedentry = {[FELDKIRC:]},
}

@TechReport{Wu2014,
  author        = {Wu, Tao},
  title         = {{Unconventional Monetary Policy and Long-Term Interest Rates}},
  institution   = {IMF Working Paper},
  year          = {2014},
  number        = {WP/14/189},
  __markedentry = {[FELDKIRC:]},
  owner         = {FELDKIRC},
  timestamp     = {2015.12.01},
}

@Article{Zellner1976,
  author        = {Zellner, Arnold},
  title         = {Bayesian and non-Bayesian analysis of the regression model with multivariate Student-t error terms},
  journal       = {Journal of the American Statistical Association},
  year          = {1976},
  volume        = {71},
  number        = {354},
  pages         = {400--405},
  __markedentry = {[FELDKIRC:]},
  owner         = {FELDKIRC},
  publisher     = {Taylor \& Francis},
  timestamp     = {2018.03.30},
}

@Article{Zeugner2015,
  author        = {Stefan Zeugner and Martin Feldkircher},
  title         = {Bayesian Model Averaging Employing Fixed and Flexible Priors: The BMS Package for R},
  journal       = {Journal of Statistical Software},
  year          = {2015},
  volume        = {68},
  number        = {1},
  pages         = {1--37}
}

@Article{Koop2018,
  author        = {Koop, Gary and Korobilis, Dimitris and Pettenuzzo, Davide},
  title         = {Bayesian compressed vector autoregressions},
  journal       = {Journal of Econometrics},
  year          = {2018},
  volume        = {forthcoming},
  __markedentry = {[FELDKIRC:]},
}

@TechReport{Damico2015,
  author      = {D'Amico, Stefania and King, Thomas B.},
  title       = {{What Does Anticipated Monetary Policy Do?}},
  institution = {Federal Reserve Bank of Chicago},
  year        = {2015},
  type        = {Working Paper Series},
  number      = {WP-2015-10}
}

@TechReport{Leombroni2018,
  author      = {Leombroni, Matteo and Vedolin, Andrea and Venter, Gyuri and Whelan, Paul},
  title       = {{Central Bank Communication and the Yield Curve}},
  institution = {SSRN Working paper},
  year        = {2018}
}

@InBook{Greenwood2016,
  chapter   = {Forward Guidance in the Yield Curve: Short Rates versus Bond Supply},
  pages     = {11-62},
  title     = {Monetary Policy Through Asset Markets: Lessons from Unconventional Measures and Implications for an Integrated World},
  publisher = {Central Bank of Chile},
  year      = {2016},
  author    = {Greenwood, Robin and Hanson, Samuel and Vayanos, Dimitri},
  editor    = {Albagli, Elias and Saravia, Diego and Woodford, Michael},
  volume    = {24},
}

@TechReport{Gilli2010,
  author      = {Manfred Gilli and Stefan Gro√Ø¬ø¬Ωe and Enrico Schumann},
  title       = {{Calibrating the Nelson√Ø¬ø¬ΩSiegel√Ø¬ø¬ΩSvensson model}},
  institution = {COMISEF},
  year        = {2010},
  type        = {Working Papers},
  number      = {031}
}

@Article{Hubert2018,
  author      = {Paul Hubert and Fabien Labondance},
  title       = {{The Effect of ECB Forward Guidance on the Term Structure of Interest Rates}},
  journal     = {International Journal of Central Banking},
  year        = {2018},
  volume      = {14},
  number      = {5},
  pages       = {193--222}
}

@Article{Diebold2006,
  author   = {Diebold, Francis X. and Li, Canlin},
  title    = {{Forecasting the term structure of government bond yields}},
  journal  = {Journal of Econometrics},
  year     = {2006},
  volume   = {130},
  number   = {2},
  pages    = {337-364}
}

@Article{Diebold2006a,
  author   = {Francis X. Diebold and Glenn D. Rudebusch and S. Bora\v{g}an Aruoba},
  title    = {The macroeconomy and the yield curve: a dynamic latent factor approach},
  journal  = {Journal of Econometrics},
  year     = {2006},
  volume   = {131},
  number   = {1},
  pages    = {309--338}
}

@Article{Nelson1987,
  author  = {Nelson, Charles R. and Siegel, Andrew F.},
  title   = {{Parsimonious Modeling of Yield Curves}},
  journal = {The Journal of Business},
  year    = {1987},
  volume  = {60},
  number  = {4},
  pages   = {473--489},
}

@Article{Neuenkirch2013,
  author  = {Neuenkirch, Matthias},
  title   = {{Monetary policy transmission in vector autoregressions: A new approach using central bank communication}},
  journal = {Journal of Banking \& Finance},
  year    = {2013},
  volume  = {37},
  pages   = {4278--4285},
}

@TechReport{Andrade2016,
  author={Philippe Andrade and Filippo Ferroni},
  title={{Delphic and Odyssean monetary policy shocks: Evidence from the euro-area}},
  year=2016,
  month=Oct,
  institution={School of Economics, University of Surrey},
  type={School of Economics Discussion Papers},
  number={1216}
}

@TechReport{Feldkircher2018b,
  author={Martin Feldkircher and Pierre L. Siklos},
  title={{Global inflation dynamics and inflation expectations}},
  year=2018,
  month=Nov,
  institution={Centre for Applied Macroeconomic Analysis, Crawford School of Public Policy, The Australian National University},
  type={CAMA Working Papers},
}

@Article{DeMiguel2007,
  author    = {DeMiguel, Victor and Garlappi, Lorenzo and Uppal, Raman},
  title     = {Optimal versus naive diversification: How inefficient is the 1/N portfolio strategy?},
  journal   = {The Review of Financial Studies},
  year      = {2007},
  volume    = {22},
  number    = {5},
  pages     = {1915--1953},
  publisher = {Oxford University Press},
}


@Article{Garleanu2013,
  author    = {G{\^a}rleanu, Nicolae and Pedersen, Lasse Heje},
  title     = {Dynamic trading with predictable returns and transaction costs},
  journal   = {The Journal of Finance},
  year      = {2013},
  volume    = {68},
  number    = {6},
  pages     = {2309--2340},
  publisher = {Wiley Online Library},
}

@Article{Jorion1985,
  author    = {Jorion, Philippe},
  title     = {International portfolio diversification with estimation risk},
  journal   = {Journal of Business},
  year      = {1985},
  pages     = {259--278},
  publisher = {JSTOR},
}

@Article{Bansal2011,
  author    = {Bansal, Ravi and Kiku, Dana},
  title     = {Cointegration and long-run asset allocation},
  journal   = {Journal of Business \& Economic Statistics},
  year      = {2011},
  volume    = {29},
  number    = {1},
  pages     = {161--173},
  publisher = {Taylor \& Francis},
}

@Article{Han2005,
  author    = {Han, Yufeng},
  title     = {Asset allocation with a high dimensional latent factor stochastic volatility model},
  journal   = {The Review of Financial Studies},
  year      = {2005},
  volume    = {19},
  number    = {1},
  pages     = {237--271},
  publisher = {Oxford University Press},
}

@Article{Hautsch2019,
  author    = {Hautsch, Nikolaus and Voigt, Stefan},
  title     = {Large-scale portfolio allocation under transaction costs and model uncertainty},
  journal   = {Journal of Econometrics},
  year      = {2019},
  volume    = {forthcoming},
  publisher = {Elsevier},
}

@InCollection{Stock2016,
  author        = {James H. Stock and Mark W. Watson},
  title         = {Dynamic Factor Models, Factor-Augmented Vector Autoregressions, and Structural Vector Autoregressions in Macroeconomics},
  publisher     = {Elsevier},
  year          = {2016},
  editor        = {John B. Taylor and Harald Uhlig},
  series        = {Handbook of Macroeconomics},
  chapter       = {8},
  pages         = {415--525},
  __markedentry = {[FELDKIRC:6]},
}

@TechReport{Eickmeier2011,
  author        = {Eickmeier, Sandra and Lemke, Wolfgang and Marcellino, Massimiliano},
  title         = {{Classical time-varying FAVAR models - estimation, forecasting and structural analysis}},
  institution   = {Deutsche Bundesbank},
  year          = {2011},
  type          = {Discussion Paper Series 1: Economic Studies},
  number        = {2011,04}
}

@Article{Eickmeier2011a,
  author        = {Sandra Eickmeier and Tim Ng},
  title         = {Forecasting national activity using lots of international predictors: An application to New Zealand},
  journal       = {International Journal of Forecasting},
  year          = {2011},
  volume        = {27},
  number        = {2},
  pages         = {496 - 511}
}




@Article{Dees2014a,
  author        = {D\'{e}es, St\'{e}phan and Pesaran, M.H. and Smith, V.L. and Smith, R. P.},
  title         = {{Constructing Multi-country Rational Expectations Models}},
  journal       = {Oxford Bulletin of Economics and Statistics},
  year          = {2014},
  volume        = {forthcoming}
}

@Article{Dees2017,
  author        = {D\'{e}es, St\'{e}phane and G\"{u}ntner, Jochen},
  title         = {{Forecasting Inflation Across Euro Area Countries and Sectors: A Panel VAR Approach}},
  journal       = {Journal of Forecasting},
  year          = {2017},
  volume        = {36},
  pages         = {431--453},
  __markedentry = {[FELDKIRC:6]},
  doi           = {10.1002/for.2444},
}

@Article{Gupta2010,
  author        = {Gupta, R. and Kabundi, A.},
  title         = {{Forecasting macroeconomic variables in a small open economy: A comparison between small- and large-scale model}},
  journal       = {Journal of Forecasting},
  year          = {2010},
  volume        = {29},
  pages         = {168--186},
  __markedentry = {[FELDKIRC:6]},
  owner         = {mfeldk},
  timestamp     = {2013.06.07},
}

@Article{Litterman1986a,
  author        = {Robert B. Litterman},
  title         = {Forecasting with Bayesian Vector Autoregressions: Five Years of Experience},
  journal       = {Journal of Business \& Economic Statistics},
  year          = {1986},
  volume        = {4},
  number        = {1},
  pages         = {25--38},
  __markedentry = {[FELDKIRC:6]},
  publisher     = {[American Statistical Association, Taylor \& Francis, Ltd.]},
}

@Article{Miranda-Agrippino2019,
  author        = {{Miranda-Agrippino}, Silvia and Ricco, Giovanni},
  title         = {{Bayesian Vector Autoregressions}},
  journal       = {Oxford Research Encyclopedia of Economics and Finance},
  year          = {2019},
  pages         = {forthcoming},
  __markedentry = {[FELDKIRC:6]},
}

@Article{Korobilis2016,
  author        = {Korobilis, Dimitris},
  title         = {{Prior selection for panel vector autoregressions}},
  journal       = {Computational Statistics \& Data Analysis},
  year          = {2016},
  volume        = {101},
  number        = {C},
  pages         = {110-120}
}

@Article{Koop2016,
  author        = {Gary Koop and Dimitris Korobilis},
  title         = {Model uncertainty in Panel Vector Autoregressive models},
  journal       = {European Economic Review},
  year          = {2016},
  volume        = {81},
  pages         = {115 - 131}
}

@Article{Kose2003,
  author        = {M. Ayhan Kose and Christopher Otrok and Charles H. Whiteman},
  title         = {{International Business Cycles: World, Region, and Country-Specific Factors}},
  journal       = {American Economic Review},
  year          = {2003},
  volume        = {93},
  number        = {4},
  pages         = {1216-1239},
  month         = {September}
}

@TechReport{Koop2019,
  author        = {Gary Koop and Dimitris Korobilis},
  title         = {{Forecasting with High-Dimensional Panel VARs}},
  year          = {2019},
  __markedentry = {[FELDKIRC:6]},
  journal       = {Oxford Bulletin of Economics and Statistics\textup{, forthcoming}},
}

@TechReport{Canova2013,
  author        = {Canova, Fabio and Ciccarelli, Matteo},
  title         = {{Panel vector autoregressive models: a survey}},
  institution   = {European Central Bank},
  year          = {2013},
  type          = {Working Paper Series},
  number        = {1507}
}

@Article{Moench2008,
  author        = {Moench, Emanuel},
  title         = {{Forecasting the yield curve in a data-rich environment: A no-arbitrage factor-augmented VAR approach}},
  journal       = {Journal of Econometrics},
  year          = {2008},
  volume        = {146},
  number        = {1},
  pages         = {26-43},
  month         = {September}
}

@Article{Banerjee2014,
  author        = {Anindya Banerjee and Massimiliano Marcellino and Igor Masten},
  title         = {Forecasting with factor-augmented error correction models},
  journal       = {International Journal of Forecasting},
  year          = {2014},
  volume        = {30},
  number        = {3},
  pages         = {589 - 612}
}

@Article{Bredendiek2016,
  author  = {Bredendiek, Maximilian and Ottonello, Giorgio and Valkanov, Rossen I},
  title   = {Corporate Bond Portfolios and Macroeoconomic Conditions},
  journal = {Available at SSRN},
  year    = {2016},
}

@Article{Benzoni2007,
  author    = {Benzoni, Luca and Collin-Dufresne, Pierre and Goldstein, Robert S},
  title     = {Portfolio choice over the life-cycle when the stock and labor markets are cointegrated},
  journal   = {The Journal of Finance},
  year      = {2007},
  volume    = {62},
  number    = {5},
  pages     = {2123--2167},
  publisher = {Wiley Online Library},
}

@Article{Joyce2017,
  author    = {Joyce, Michael AS and Liu, Zhuoshi and Tonks, Ian},
  title     = {{Institutional investors and the QE portfolio balance channel}},
  journal   = {Journal of Money, Credit and Banking},
  year      = {2017},
  volume    = {49},
  number    = {6},
  pages     = {1225--1246},
  publisher = {Wiley Online Library},
}

@Article{Markowitz1952,
  author    = {Markowitz, Harry},
  title     = {The utility of wealth},
  journal   = {Journal of Political Economy},
  year      = {1952},
  volume    = {60},
  number    = {2},
  pages     = {151--158},
  publisher = {The University of Chicago Press},
}
