@article{ma2019structural,
  title={Structural modeling using overlapped group penalties for discovering predictive biomarkers for subgroup analysis},
  author={Ma, Chong and Deng, Wenxuan and Ma, Shuangge and Liu, Ray and Galinsky, Kevin},
  journal={arXiv preprint arXiv:1904.11648},
  year={2019}
}