@String{http = "http://CRAN.R-project.org/doc/Rnews/"}
@String{Rnews2006-2 = "http://CRAN.R-project.org/doc/Rnews/Rnews_2006-2.pdf"}
@String{Rnews2008-1 = "http://CRAN.R-project.org/doc/Rnews/Rnews_2008-1.pdf"}

@Article{hankin2008,
  author       = {Robin K. S. Hankin},
  title        = {{{P}rogrammers' {N}iche}: {M}ultivariate polynomials in \proglang{R}},
  journal      = {\proglang{R} News},
  year         = 2008,
  volume       = 8,
  number       = 1,
  pages        = {41--45},
  month        = {May},
  url          = http,
  pdf          = Rnews2008-1
}

  @Manual{hornik2014,
    title = {\pkg{slam}: Sparse Lightweight Arrays and Matrices},
    author = {Kurt Hornik and David Meyer and Christian Buchta},
    year = {2014},
    note = {\proglang{R} package version 0.1-32},
    url = {https://CRAN.R-project.org/package=slam}
  }

  @Article{kahle2013,
    author = {David Kahle},
    title = {\pkg{mpoly}: Multivariate Polynomials in \proglang{R}},
    journal = {The \proglang{R} Journal},
    year = {2013},
    volume = {5},
    number = {1},
    pages = {162--170},
    url = {http://journal.r-project.org/archive/2013-1/kahle.pdf},
  }

 @Manual{venables2016,
    title = {\pkg{polynom}: A Collection of Functions to Implement a Class for Univariate Polynomial Manipulations},
    author = {Bill Venables and Kurt Hornik and Martin Maechler},
    year = {2016},
    note = {\proglang{R} package version 1.3-9. \proglang{S} original by Bill Venables, packages for \proglang{R} by Kurt Hornik and Martin Maechler.},
    url = {https://CRAN.R-project.org/package=polynom},
  }

@book{musser2009,
 author = {Musser, David R. and Derge, Gillmer J. and Saini, Atul},
 title = {\proglang{STL} Tutorial and Reference Guide: \proglang{C++} Programming with the Standard Template Library},
 year = {2009},
 isbn = {0321702123, 9780321702128},
 edition = {3rd},
 publisher = {Addison-Wesley Professional}
 }


@Article{scheunders1989,
  author = 	 {P. Scheunders and J. Naudts},
  title = 	 {Random walks on lattices with a random distribution of perfect traps},
  journal = 	 {Condensed Matter},
  year = 	 {1989},
  volume =	 {73},
  pages =	 {551--553}
  }

@Article{montroll1969,
  author = 	 {E. W. Montroll},
  title = 	 {Random walks on lattices {I}{I}.  Calculation of first-passage times with applications to exciton trapping on photosynthetic units},
  journal = 	 {Journal of Mathematical Physics},
  year = 	 {1969},
  volume =	 {10},
  number =	 {4},
  pages =	 {753--765},
  month =	 {April}
  }

@Article{hollander1982,
  author = 	 {den Hollander, W. Th. F. and Kasteleyn, P. W.},
  title = 	 {Random walks with `spontaneous emission' on lattices with periodically distributed imperfect traps},
  journal = 	 {Physica A},
  year = 	 {1982},
  volume =	 {112A},
  pages =	 {523--543}
  }

  @Manual{hankin2019,
    title = {\proglang{mvp}: Fast Symbolic Multivariate Polynomials},
    author = {Robin K. S. Hankin},
    year = {2019},
    note = {\proglang{R} package version 1.0-5},
    url = {https://github.com/RobinHankin/mvp.git},
  }

