@article{datta2005location,
  title={Location--Scale Family},
  author={Datta, Gauri Sankar},
  journal={Encyclopedia of Biostatistics},
  year={2005},
  publisher={Wiley Online Library}
}

@misc{therneau2013package,
  title={A Package for Survival Analysis in S. R package version 2.37-4. 2013},
  author={Therneau, Terry},
  year={2013}
}

@Manual{mahani2015bsgw,
title = {BSGW: Bayesian Survival Model with Lasso Shrinkage Using Generalized
Weibull Regression},
author = {Alireza S. Mahani and Mansour T.A. Sharabiani},
year = {2015},
note = {{R} package version 0.9.1},
url = {http://CRAN.R-project.org/package=BSGW},
}

@Manual{mahani2015bayesmixsurv,
title = {BayesMixSurv: Bayesian Mixture Survival Models using Additive
Mixture-of-Weibull Hazards, with Lasso Shrinkage and
Stratification},
author = {Alireza S. Mahani and Mansour T.A. Sharabiani},
year = {2014},
note = {R package version 0.9},
url = {http://CRAN.R-project.org/package=BayesMixSurv},
}

@book{ibrahim2005bayesian,
  title={Bayesian survival analysis},
  author={Ibrahim, Joseph G and Chen, Ming-Hui and Sinha, Debajyoti},
  year={2005},
  publisher={Wiley Online Library}
}

@book{gelman2006data,
  title={Data analysis using regression and multilevel/hierarchical models},
  author={Gelman, Andrew and Hill, Jennifer},
  year={2006},
  publisher={Cambridge University Press}
}

@book{bangerth2013adaptive,
  title={Adaptive finite element methods for differential equations},
  author={Bangerth, Wolfgang and Rannacher, Rolf},
  year={2013},
  publisher={Birkh{\"a}user}
}

@Manual{zhou2015spbayessurv,
title = {spBayesSurv: Bayesian Modeling and Analysis of Spatially Correlated Survival
Data},
author = {Haiming Zhou and Tim Hanson},
year = {2015},
note = {R package version 1.0.3},
url = {http://CRAN.R-project.org/package=spBayesSurv},
}

@article{prentice1978analysis,
  title={The analysis of failure times in the presence of competing risks},
  author={Prentice, Ross L and Kalbfleisch, John D and Peterson Jr, Arthur V and Flournoy, Nancy and Farewell, VT and Breslow, NE},
  journal={Biometrics},
  pages={541--554},
  year={1978},
  publisher={JSTOR}
}

@article{fine1999proportional,
  title={A proportional hazards model for the subdistribution of a competing risk},
  author={Fine, Jason P and Gray, Robert J},
  journal={Journal of the American statistical association},
  volume={94},
  number={446},
  pages={496--509},
  year={1999},
  publisher={Taylor \& Francis Group}
}

@article{larson1985mixture,
  title={A mixture model for the regression analysis of competing risks data},
  author={Larson, Martin G and Dinse, Gregg E},
  journal={Applied statistics},
  pages={201--211},
  year={1985},
  publisher={JSTOR}
}

@article{nicolaie2010vertical,
  title={Vertical modeling: A pattern mixture approach for competing risks modeling},
  author={Nicolaie,  MA and van Houwelingen, Hans C and Putter, H},
  journal={Statistics in medicine},
  volume={29},
  number={11},
  pages={1190--1205},
  year={2010},
  publisher={Wiley Online Library}
}

@article{andersen2003generalised,
  title={Generalised linear models for correlated pseudo-observations, with applications to multi-state models},
  author={Andersen, Per Kragh and Klein, John P and Rosth{\o}j, Susanne},
  journal={Biometrika},
  volume={90},
  number={1},
  pages={15--27},
  year={2003},
  publisher={Biometrika Trust}
}

@Manual{therneau2015survival,
title = {A package for survival analysis in S},
author = {T Therneau},
year = {2015},
note = {R package version 2.38},
url = {http://CRAN.R-project.org/package=survival},
}

@article{haller2013applying,
  title={Applying competing risks regression models: an overview},
  author={Haller, Bernhard and Schmidt, Georg and Ulm, Kurt},
  journal={Lifetime data analysis},
  volume={19},
  number={1},
  pages={33--58},
  year={2013},
  publisher={Springer}
}

@Manual{gray2014cmprsk,
title = {cmprsk: Subdistribution Analysis of Competing Risks},
author = {Bob Gray},
year = {2014},
note = {R package version 2.2-7},
url = {http://CRAN.R-project.org/package=cmprsk},
}
  
@Manual{rocca2012bayhaz,
title = {BayHaz: R Functions for Bayesian Hazard Rate Estimation},
author = {Luca La Rocca},
year = {2012},
note = {R package version 0.1-3},
url = {http://CRAN.R-project.org/package=BayHaz},
}

@article{girolami2011riemann,
  title={Riemann manifold langevin and hamiltonian monte carlo methods},
  author={Girolami, Mark and Calderhead, Ben},
  journal={Journal of the Royal Statistical Society: Series B (Statistical Methodology)},
  volume={73},
  number={2},
  pages={123--214},
  year={2011},
  publisher={Wiley Online Library}
}

@Manual{mahani2015sns,
title = {sns: Stochastic Newton Sampler (SNS)},
author = {Alireza S. Mahani and Asad Hasan and Marshall Jiang and Mansour T.A. Sharabiani},
year = {2015},
note = {R package version 1.1.0},
}

@article{homan2014no,
  title={The no-U-turn sampler: Adaptively setting path lengths in Hamiltonian Monte Carlo},
  author={Homan, Matthew D and Gelman, Andrew},
  journal={The Journal of Machine Learning Research},
  volume={15},
  number={1},
  pages={1593--1623},
  year={2014},
  publisher={JMLR. org}
}

@article{mahani2015simd,
  title={SIMD parallel MCMC sampling with applications for big-data Bayesian analytics},
  author={Mahani, Alireza S and Sharabiani, Mansour TA},
  journal={Computational Statistics \& Data Analysis},
  volume={88},
  pages={75--99},
  year={2015},
  publisher={Elsevier}
}

@inproceedings{gonzalez2011parallel,
  title={Parallel gibbs sampling: From colored fields to thin junction trees},
  author={Gonzalez, Joseph and Low, Yucheng and Gretton, Arthur and Guestrin, Carlos},
  booktitle={International Conference on Artificial Intelligence and Statistics},
  pages={324--332},
  year={2011}
}

@book{boyd2004convex,
  title={Convex optimization},
  author={Boyd, Stephen and Vandenberghe, Lieven},
  year={2004},
  publisher={Cambridge university press}
}

@Manual{mahani2015cfc,
title = {CFC: Cause-Specific Framework for Competing-Risk Analysis},
author = {Mansour T.A. Sharabiani and Alireza S. Mahani},
year = {2015},
note = {R package version 0.7.0},
url = {http://CRAN.R-project.org/package=CFC},
}

@book{press2007numerical,
  title={Numerical recipes 3rd edition: The art of scientific computing},
  author={Press, William H},
  year={2007},
  publisher={Cambridge university press}
}

@book{piessens2012quadpack,
  title={QUADPACK: a subroutine package for automatic integration},
  author={Piessens, Robert and de Doncker-Kapenga, Elise and {\"U}berhuber, Christoph W and Kahaner, David K},
  volume={1},
  year={2012},
  publisher={Springer Science \& Business Media}
}

@Manual{chen2015NPMLEcmprsk,
  title = {NPMLEcmprsk: Type-Specific Failure Rate and Hazard Rate on Competing Risks
Data},
  author = {Chung-Hsing Chen and I-Shou Chang and Chao A. Hsiung},
  year = {2015},
  note = {R package version 2.1},
  url = {http://CRAN.R-project.org/package=NPMLEcmprsk},
}

@Manual{perme2012pseudo,
  title = {pseudo: Pseudo - observations},
  author = {{Maja Pohar Perme} and Mette Gerster},
  year = {2012},
  note = {R package version 1.1},
  url = {http://CRAN.R-project.org/package=pseudo},
}

@Manual{ishwaran2015rfc,
    title = {Random Forests for Survival, Regression and Classification
      (RF-SRC)},
    author = {H. Ishwaran and U.B. Kogalur},
    publisher = {manual},
    year = {2015},
    note = {R package version 1.6.1},
    url = {http://cran.r-project.org/web/packages/randomForestSRC/},
    pdf =
      {http://cran.r-project.org/web/packages/randomForestSRC/randomForestSRC.pdf},
  }
  
@article{ishwaran2014random,
  title={Random survival forests for competing risks},
  author={Ishwaran, Hemant and Gerds, Thomas A and Kogalur, Udaya B and Moore, Richard D and Gange, Stephen J and Lau, Bryan M},
  journal={Biostatistics},
  volume={15},
  number={4},
  pages={757--773},
  year={2014},
  publisher={Biometrika Trust}
}

@article{eddelbuettel2011rcpp,
  title={Rcpp: Seamless R and C++ integration},
  author={Eddelbuettel, Dirk and Fran{\c{c}}ois, Romain and Allaire, J and Chambers, John and Bates, Douglas and Ushey, Kevin},
  journal={Journal of Statistical Software},
  volume={40},
  number={8},
  pages={1--18},
  year={2011}
}

@Article{dirk2014rcpparmadillo,
  title = {RcppArmadillo: Accelerating R with high-performance C++ linear algebra},
  author = {Dirk Eddelbuettel and Conrad Sanderson},
  journal = {Computational	Statistics and Data Analysis},
  year = {2014},
  volume = {71},
  month = {March},
  pages = {1054--1063},
  url = {http://dx.doi.org/10.1016/j.csda.2013.02.005},
}
  
@article{breiman2001random,
  title={Random forests},
  author={Breiman, Leo},
  journal={Machine learning},
  volume={45},
  number={1},
  pages={5--32},
  year={2001},
  publisher={Springer}
}

@book{stroud1966gaussian,
  title={Gaussian quadrature formulas},
  author={Stroud, Arthur H and Secrest, Don},
  volume={39},
  year={1966},
  publisher={Prentice-Hall Englewood Cliffs, NJ}
}

@article{laurie1997calculation,
  title={Calculation of Gauss-Kronrod quadrature rules},
  author={Laurie, Dirk},
  journal={Mathematics of Computation of the American Mathematical Society},
  volume={66},
  number={219},
  pages={1133--1145},
  year={1997}
}

@article{takahasi1974double,
  title={Double exponential formulas for numerical integration},
  author={Takahasi, Hidetosi and Mori, Masatake},
  journal={Publications of the Research Institute for Mathematical Sciences},
  volume={9},
  number={3},
  pages={721--741},
  year={1974},
  //publisher={国立大学法人 京都大学数理解析研究所}
}

@article{bailey2005comparison,
  title={A comparison of three high-precision quadrature schemes},
  author={Bailey, David H and Jeyabalan, Karthik and Li, Xiaoye S},
  journal={Experimental Mathematics},
  volume={14},
  number={3},
  pages={317--329},
  year={2005},
  publisher={Taylor \& Francis}
}

@Manual{okamura2015deformula,
  title = {deformula: Integration of One-Dimensional Functions with Double Exponential
Formulas},
  author = {Hiroyuki Okamura},
  year = {2015},
  note = {R package version 0.1.1},
  url = {http://CRAN.R-project.org/package=deformula},
}

@article{wynn1966convergence,
  title={On the convergence and stability of the epsilon algorithm},
  author={Wynn, Peter},
  journal={SIAM Journal on Numerical Analysis},
  volume={3},
  number={1},
  pages={91--122},
  year={1966},
  publisher={SIAM}
}

@Manual{gilbert2012numderiv,
  title = {numDeriv: Accurate Numerical Derivatives},
  author = {Paul Gilbert and Ravi Varadhan},
  year = {2012},
  note = {R package version 2012.9-1},
  url = {http://CRAN.R-project.org/package=numDeriv},
}
  
@article{friedman2001greedy,
  title={Greedy function approximation: a gradient boosting machine},
  author={Friedman, Jerome H},
  journal={Annals of statistics},
  pages={1189--1232},
  year={2001},
  publisher={JSTOR}
}

@Manual{ridgeway2015gbm,
  title = {gbm: Generalized Boosted Regression Models},
  author = {Greg Ridgeway},
  year = {2015},
  note = {R package version 2.1.1},
  url = {http://CRAN.R-project.org/package=gbm},
}

@book{jeffers2013intel,
  title={Intel Xeon Phi coprocessor high-performance programming},
  author={Jeffers, James and Reinders, James},
  year={2013},
  publisher={Newnes}
}

@online{RcppDataMarshall,
  author = {Dirk Eddelbuettel},
  title = {Calling R Functions from C++},
  year = 2013,
  url = {http://gallery.rcpp.org/articles/r-function-from-c++/},
  urldate = {2010-12-17}
}

@Manual{RevAna2015doParallel,
  title = {doParallel: Foreach Parallel Adaptor for the 'parallel' Package},
  author = {Revolution Analytics and Steve Weston},
  year = {2015},
  note = {R package version 1.0.10},
  url = {http://CRAN.R-project.org/package=doParallel},
}

@Manual{RevAna2015foreach,
  title = {foreach: Provides Foreach Looping Construct for R},
  author = {Revolution Analytics and Steve Weston},
  year = {2015},
  note = {R package version 1.4.3},
  url = {http://CRAN.R-project.org/package=foreach},
}
  