
@techreport{murphy2007,
  title={Conjugate Bayesian analysis of the Gaussian distribution},
  author={Murphy, Kevin P},
  institution={University of British Columbia},
  year={2007}
}
@book{lee2007,
  title={Structural equation modeling: A Bayesian approach},
  author={Lee, Sik-Yum},
  volume={711},
  year={2007},
  publisher={John Wiley \& Sons}
}
