@article{GijbelsGoderniaux04,
  title={Bootstrap test for change-points in nonparametric regression},
  author={Gijbels, I- and Goderniaux, A-C-},
  journal={Journal of Nonparametric Statistics},
  volume={16},
  number={3-4},
  pages={591--611},
  year={2004},
  publisher={Taylor \& Francis}
}

@article{fryzlewicz2014wild,
  title={Wild binary segmentation for multiple change-point detection},
  author={Fryzlewicz, P.},
  journal={The Annals of Statistics},
  volume={42},
  number={6},
  pages={2243--2281},
  year={2014},
  publisher={Institute of Mathematical Statistics}
}

