@Manual{CRAN:Rcpp,
  title =        {{Rcpp}: Seamless {R} and {C++} Integration},
  author =       {Dirk Eddelbuettel and Romain Fran\c{c}ois and JJ
                  Allaire and Kevin Ushey and Qiang Kou and Nathan
                  Russel and John Chambers and Douglas Bates},
  year =         2018,
  note =         {R package version 0.12.17},
  url =          CRAN # "package=Rcpp"
}

@Manual{CRAN:reticulate,
  title =        {reticulate: Interface to 'Python'},
  author =       {JJ Allaire and Kevin Ushey and Yuan Tang},
  year =         2018,
  note =         {R package version 1.9},
  url =          {https://CRAN.R-project.org/package=reticulate},
}

@Book{Eddelbuettel:2013:Rcpp,
  author =       {Dirk Eddelbuettel},
  title =        {Seamless R and C++ Integration with Rcpp},
  publisher =    {Springer},
  series =       {Use R!},
  year =         2013,
  address =      {New York},
  isbn =         {978-1-4614-6867-7}
}

@Article{JOSS:RcppCNPy,
  title =        {{RcppCNPy}: Read-Write Support for NumPy Files in R},
  author =       {Dirk Eddelbuettel and Wush Wu},
  journal =      {Journal of Open Source Software},
  publisher =    {The Open Journal},
  year =         2016,
  volume =       1,
  issue =        5,
  month =        {September},
  url =          {http://dx.doi.org/10.21105/joss.00055},
}

@Article{JSS:Rcpp,
  title =        {{Rcpp}: Seamless {R} and {C++} Integration},
  author =       {Dirk Eddelbuettel and Romain Fran\c{c}ois},
  journal =      {Journal of Statistical Software},
  year =         2011,
  volume =       40,
  number =       8,
  pages =        {1--18},
  url =          {http://www.jstatsoft.org/v40/i08/},
}
