@book{feller1968introduction,
  title={An Introduction to Probability Theory and Its Applications: Volume I},
  author={Feller, William},
  volume={1},
  year={1968},
  publisher={John Wiley \& Sons}
}

@article{trueblood_impact_2018,
	title = {The impact of speed and bias on the cognitive processes of experts and novices in medical image decision-making},
	volume = {3},
	issn = {2365-7464},
	url = {https://doi.org/10.1186/s41235-018-0119-2},
	doi = {10.1186/s41235-018-0119-2},
	number = {1},
	journal = {Cognitive Research: Principles and Implications},
	author = {Trueblood, Jennifer S. and Holmes, William R. and Seegmiller, Adam C. and Douds, Jonathan and Compton, Margaret and Szentirmai, Eszter and Woodruff, Megan and Huang, Wenrui and Stratton, Charles and Eichbaum, Quentin},
	year = {2018},
	pages = {28}
}

@article{ratcliff1978theory,
  title={A theory of memory retrieval.},
  author={Ratcliff, Roger},
  journal={Psychological review},
  volume={85},
  number={2},
  pages={59},
  year={1978},
  publisher={American Psychological Association}
}

@article{horrocks2004modeling,
  title={Modeling event times with multiple outcomes using the Wiener process with drift},
  author={Horrocks, Julie and Thompson, Mary E},
  journal={Lifetime Data Analysis},
  volume={10},
  number={1},
  pages={29--49},
  year={2004},
  publisher={Springer}
}

@article{voss2008fast,
  title={A fast numerical algorithm for the estimation of diffusion model parameters},
  author={Voss, Andreas and Voss, Jochen},
  journal={Journal of Mathematical Psychology},
  volume={52},
  number={1},
  pages={1--9},
  year={2008},
  publisher={Elsevier}
}

@article{navarro2009fast,
  title={Fast and accurate calculations for first-passage times in Wiener diffusion models},
  author={Navarro, Daniel J and Fuss, Ian G},
  journal={Journal of Mathematical Psychology},
  volume={53},
  number={4},
  pages={222--230},
  year={2009},
  publisher={Elsevier}
}

@article{blurton2012fast,
  title={Fast and accurate calculations for cumulative first-passage time distributions in Wiener diffusion models},
  author={Blurton, Steven P and Kesselmeier, Miriam and Gondan, Matthias},
  journal={Journal of Mathematical Psychology},
  volume={56},
  number={6},
  pages={470--475},
  year={2012},
  publisher={Elsevier}
}

@article{gondan2014even,
  title={Even faster and even more accurate first-passage time densities and distributions for the Wiener diffusion model},
  author={Gondan, Matthias and Blurton, Steven P and Kesselmeier, Miriam},
  journal={Journal of Mathematical Psychology},
  volume={60},
  pages={20--22},
  year={2014},
  publisher={Elsevier}
}

@article{blurton2017first,
  title={The first-passage time distribution for the diffusion model with variable drift},
  author={Blurton, Steven P and Kesselmeier, Miriam and Gondan, Matthias},
  journal={Journal of Mathematical Psychology},
  volume={76},
  pages={7--12},
  year={2017},
  publisher={Elsevier}
}

@article{srivastava2017martingale,
  title={A martingale analysis of first passage times of time-dependent Wiener diffusion models},
  author={Srivastava, Vaibhav and Feng, Samuel F and Cohen, Jonathan D and Leonard, Naomi Ehrich and Shenhav, Amitai},
  journal={Journal of mathematical psychology},
  volume={77},
  pages={94--110},
  year={2017},
  publisher={Elsevier}
}

@article{smith2019speeded,
  title={Speeded multielement decision-making as diffusion in a hypersphere: Theory and application to double-target detection},
  author={Smith, Philip L and Corbett, Elaine A},
  journal={Psychonomic bulletin \& review},
  volume={26},
  number={1},
  pages={127--162},
  year={2019},
  publisher={Springer}
}

% R
@Manual{R,
  title = {R: A Language and Environment for Statistical Computing},
  author = {{R Core Team}},
  organization = {R Foundation for Statistical Computing},
  address = {Vienna, Austria},
  year = {2019},
  url = {https://www.R-project.org/},
}

% Rcpp
@Article{Rcpp1,
  title = {{Rcpp}: Seamless {R} and {C++} Integration},
  author = {Dirk Eddelbuettel and Romain Fran\c{c}ois},
  journal = {Journal of Statistical Software},
  year = {2011},
  volume = {40},
  number = {8},
  pages = {1--18},
  url = {http://www.jstatsoft.org/v40/i08/},
  doi = {10.18637/jss.v040.i08},
}
@Book{Rcpp2,
  title = {Seamless {R} and {C++} Integration with {Rcpp}},
  author = {Dirk Eddelbuettel},
  publisher = {Springer},
  address = {New York},
  year = {2013},
  note = {ISBN 978-1-4614-6867-7},
  doi = {10.1007/978-1-4614-6868-4},
}
@Article{Rcpp3,
  title = {{Extending extit{R} with extit{C++}: A Brief Introduction
    to extit{Rcpp}}},
  author = {Dirk Eddelbuettel and James Joseph Balamuta},
  journal = {PeerJ Preprints},
  year = {2017},
  month = {aug},
  volume = {5},
  pages = {e3188v1},
  issn = {2167-9843},
  url = {https://doi.org/10.7287/peerj.preprints.3188v1},
  doi = {10.7287/peerj.preprints.3188v1},
}
