@article{lu2013multivariate,
  title={Multivariate density estimation by Bayesian sequential partitioning},
  author={Lu, Luo and Jiang, Hui and Wong, Wing H},
  journal={Journal of the American Statistical Association},
  volume={108},
  number={504},
  pages={1402--1410},
  year={2013},
  publisher={Taylor \& Francis}
}

@article{wong2010optional,
  title={Optional P{\'o}lya tree and Bayesian inference},
  author={Wong, Wing H and Ma, Li and others},
  journal={The Annals of Statistics},
  volume={38},
  number={3},
  pages={1433--1459},
  year={2010},
  publisher={Institute of Mathematical Statistics}
}

@article{yang2014density,
  title={Density Estimation via Adaptive Partition and Discrepancy Control},
  author={Yang, Kun and Wong, Wing Hung},
  journal={arXiv preprint arXiv:1404.1425},
  year={2014}
}