@article{barndorff2006limit,
  title={Limit theorems for multipower variation in the presence of jumps},
  author={Barndorff-Nielsen, Ole E and Shephard, Neil and Winkel, Matthias},
  journal={Stochastic processes and their applications},
  volume={116},
  number={5},
  pages={796--806},
  year={2006},
  publisher={Elsevier}
}

@article{andersen2012jump,
  title={Jump-robust volatility estimation using nearest neighbor truncation},
  author={Andersen, Torben G and Dobrev, Dobrislav and Schaumburg, Ernst},
  journal={Journal of Econometrics},
  volume={169},
  number={1},
  pages={75--93},
  year={2012},
  publisher={Elsevier}
}

@article{benjamini1995controlling,
  title={Controlling the false discovery rate: a practical and powerful approach to multiple testing},
  author={Benjamini, Yoav and Hochberg, Yosef},
  journal={Journal of the Royal Statistical Society. Series B (Methodological)},
  pages={289--300},
  year={1995},
  publisher={JSTOR}
}


@article{chang2013meta,
  title={Meta-analysis methods for combining multiple expression profiles: comparisons, statistical characterization and an application guideline},
  author={Chang, Lun-Ching and Lin, Hui-Min and Sibille, Etienne and Tseng, George C},
  journal={BMC bioinformatics},
  volume={14},
  number={1},
  pages={368},
  year={2013},
  publisher={BioMed Central}
}

@article{won2009choosing,
  title={Choosing an optimal method to combine P-values},
  author={Won, Sungho and Morris, Nathan and Lu, Qing and Elston, Robert C},
  journal={Statistics in medicine},
  volume={28},
  number={11},
  pages={1537--1553},
  year={2009},
  publisher={Wiley Online Library}
}

@article{alves2014accuracy,
  title={Accuracy evaluation of the unified P-value from combining correlated P-values},
  author={Alves, Gelio and Yu, Yi-Kuo},
  journal={PloS one},
  volume={9},
  number={3},
  pages={e91225},
  year={2014},
  publisher={Public Library of Science}
}


@article{dumitru2012identifying,
  title={Identifying jumps in financial assets: a comparison between nonparametric jump tests},
  author={Dumitru, Ana-Maria and Urga, Giovanni},
  journal={Journal of Business \& Economic Statistics},
  volume={30},
  number={2},
  pages={242--255},
  year={2012},
  publisher={Taylor \& Francis}
}

@article{yen2013testing,
  title={Testing Jumps via False Discovery Rate Control},
  author={Yen, Yu-Min},
  journal={PloS one},
  volume={8},
  number={4},
  pages={e58365},
  year={2013},
  publisher={Public Library of Science}
}