@article{Klar2012,
  doi = {10.1016/j.csda.2010.05.029},
  year = {2012},
  month = nov,
  publisher = {Elsevier {BV}},
  volume = {56},
  number = {11},
  pages = {3587--3598},
  author = {B. Klar and F. L. Lindner and S.G. Meintanis},
  title = {Specification tests for the error distribution in {GARCH} models},
  journal = {Computational Statistics {&} Data Analysis}
}

@article{Allison,
  title={A Monte Carlo evaluation of the performance of two new tests for symmetry},
  author={Allison, J.S. and Pretorius, C.},
  doi={10.1007/s00180-016-0680-4},
  journal={Computational Statistics},
  volume={32},
  number={4},
  pages={1323--1338},
  year={2017},
  publisher={Springer}
}

@article{M,
  doi = {10.1080/02664769921963},
  year = {1999},
  month = dec,
  publisher = {Informa {UK} Limited},
  volume = {26},
  number = {8},
  pages = {959--972},
  author = {Antonietta Mira},
  title = {Distribution-free test for symmetry based on Bonferroni's measure},
  journal = {Journal of Applied Statistics}
}

@article{CM,
  doi = {10.2307/3315744},
  year = {1996},
  month = sep,
  publisher = {Wiley},
  volume = {24},
  number = {3},
  pages = {349--361},
  author = {Paul Cabilio and Joe Masaro},
  title = {A simple test of symmetry about an unknown median},
  journal = {Canadian Journal of Statistics}
}

@incollection{MGG,
  title={A new test of symmetry about an unknown median},
  author={Miao, Weiwen and Gel, Yulia R and Gastwirth, Joseph L},
  booktitle={Random Walk, Sequential Analysis And Related Topics: A Festschrift in Honor of Yuan-Shih Chow},
  pages={199--214},
  year={2006},
  publisher={World Scientific}
}

@inproceedings{KS,
  title={On the test of symmetry for the distribution of random variable},
  author={Smirnov, N.V.},
  booktitle={Dokl Akad Nauk SSSR},
  volume={56},
  number={1},
  pages={13--16},
  year={1947}
}

@article{CH,
  title={The empirical characteristic function and its applications},
  author={Feuerverger, A. and Mureika, R.A. and others},
doi={10.1214/aos/1176343742},
  journal={The Annals of Statistics},
  volume={5},
  number={1},
  pages={88--97},
  year={1977},
  publisher={Institute of Mathematical Statistics}
}

@article{BHI,
  title={New nonparametric test for symmetry and its asymptotic efficiency},
  author={Litvinova, V.V.},
  journal={Vestnik St. Petersburg University Mathematics},
  volume={34},
  number={4},
  pages={12--14},
  year={2001},
  publisher={Allerton Press}
}

@article{BHK,
  title={A characterization of and new consistent tests for symmetry},
  author={Baringhaus, L. and Henze, N.},
  doi = {10.1080/03610929208830863},
  journal={Communications in statistics-theory and methods},
  volume={21},
  number={6},
  pages={1555--1566},
  year={1992},
  publisher={Taylor & Francis}
}

@article{MOIMOK,
  title={Characterization based symmetry tests and their asymptotic efficiencies},
  author={Milo{\v{s}}evi{\'c}, B. and Obradovi{\'c}, M.},
  journal={Statistics & Probability Letters},
  volume={119},
  pages={155--162},
  year={2016},
  publisher={Elsevier}
}

@incollection{NAINAK,
title={New U-empirical Tests of Symmetry Based on Extremal Order Statistics, and their Efficiencies},
  author={Nikitin, Ya.Yu. and Ahsanullah, M.},
doi={10.1007/978-3-319-12442-1_13},
  booktitle={Mathematical Statistics and Limit Theorems},
  pages={231--248},
  year={2015},
  publisher={Springer}
}

@PhdThesis{MIMK,
  title={Asimptotska svojstva neparametarskih testova zasnovanih na U-statistikama i V-statistikama sa nedegenerisanim i slabo degenerisanim jezgrom},
  author={Milo{\v{s}}evi{\'c}, B.},
  year={2016},
  school={University of Belgrade - Faculty of Mathematics}
}

@article{K2K2U,
  title={New Characterization-Based Symmetry Tests},
  author={Bo\v{z}in, V. and Milo{\v{s}}evi{\'c}, B. and Nikitin, Ya.Yu. and Obradovi{\'c}, M.},
doi={10.1007/s40840-018-0680-3},
  journal={Bulletin of the Malaysian Mathematical Sciences Society},
  pages={10--1007},
  year={2018},
  publisher={Springer}
}

@article{UNKcentre,
  title={Comparison of efficiencies of some symmetry tests around an unknown centre},
  author={Milo{\v{s}}evi{\'c}, B. and Obradovi{\'c}, M.},
  journal={Statistics},
  volume={53},
  number={1},
  pages={43--57},
  year={2019},
  publisher={Taylor & Francis}
}

@article{RW,
  title={{R}othman-{W}oodroofe symmetry test statistic revisited},
  author={Gaigall, D.},
  journal={Computational Statistics \& Data Analysis},
  pages={106837},
  year={2019},
  publisher={Elsevier}
}

