@article{jeong2019beta,
  title={Beta-binomial modeling of CRISPR pooled screen data identifies target genes with greater sensitivity and fewer false negatives},
  author={Jeong, Hyun-Hwan and Kim, Seon Young and Rousseaux, Maxime WC and Zoghbi, Huda Y and Liu, Zhandong},
  journal={Genome research},
  volume={29},
  number={6},
  pages={999--1008},
  year={2019},
  publisher={Cold Spring Harbor Lab}
}

@article{evers2016crispr,
  title={CRISPR knockout screening outperforms shRNA and CRISPRi in identifying essential genes},
  author={Evers, Bastiaan and Jastrzebski, Katarzyna and Heijmans, Jeroen PM and Grernrum, Wipawadee and Beijersbergen, Roderick L and Bernards, Rene},
  journal={Nature biotechnology},
  volume={34},
  number={6},
  pages={631},
  year={2016},
  publisher={Nature Publishing Group}
}