
@article{henderson_estimation_1959,
	title = {The {Estimation} of {Environmental} and {Genetic} {Trends} from {Records} {Subject} to {Culling}},
	volume = {15},
	issn = {0006341X},
	url = {http://www.jstor.org/stable/2527669?origin=crossref},
	doi = {10.2307/2527669},
	number = {2},
	urldate = {2017-12-04},
	journal = {Biometrics},
	author = {Henderson, C. R. and Kempthorne, Oscar and Searle, S. R. and von Krosigk, C. M.},
	month = jun,
	year = {1959},
	pages = {192},
	file = {[Henderson.1959] The Estimation of Environmental and Genetic Trends from Records Subject to.pdf:/home/kisung/Dropbox/VR. Research/04. HMME/[Henderson.1959] The Estimation of Environmental and Genetic Trends from Records Subject to.pdf:application/pdf}
}

@article{robinson_that_1991,
	title = {That {BLUP} is a {Good} {Thing}: {The} {Estimation} of {Random} {Effects}},
	volume = {6},
	issn = {0883-4237},
	shorttitle = {That {BLUP} is a {Good} {Thing}},
	url = {http://projecteuclid.org/euclid.ss/1177011926},
	doi = {10.1214/ss/1177011926},
	language = {en},
	number = {1},
	urldate = {2017-12-04},
	journal = {Statistical Science},
	author = {Robinson, G. K.},
	month = feb,
	year = {1991},
	pages = {15--32},
	file = {[Robinson.1991] That BLUP is a Good Thing.pdf:/home/kisung/Dropbox/VR. Research/04. HMME/[Robinson.1991] That BLUP is a Good Thing.pdf:application/pdf}
}

@article{mclean_unified_1991,
	title = {A {Unified} {Approach} to {Mixed} {Linear} {Models}},
	volume = {45},
	issn = {00031305},
	url = {http://www.jstor.org/stable/2685241?origin=crossref},
	doi = {10.2307/2685241},
	number = {1},
	urldate = {2017-12-04},
	journal = {The American Statistician},
	author = {McLean, Robert A. and Sanders, William L. and Stroup, Walter W.},
	month = feb,
	year = {1991},
	pages = {54},
	file = {[McLean.1991] A Unified Approach to Mixed Linear Models.pdf:/home/kisung/Dropbox/VR. Research/04. HMME/[McLean.1991] A Unified Approach to Mixed Linear Models.pdf:application/pdf}
}

@article{kim_fast_2017,
	title = {A {Fast} {Algorithm} for {Solving} {Henderson}'s {Mixed} {Model} {Equation}},
	journal = {ArXiv e-prints},
	author = {Kim, J.},
	month = oct,
	year = {2017},
	keywords = {Statistics - Computation},
	file = {[Kim.2017] A Fast Algorithm for Solving Henderson's Mixed Model Equation.pdf:/home/kisung/Dropbox/VR. Research/04. HMME/[Kim.2017] A Fast Algorithm for Solving Henderson's Mixed Model Equation.pdf:application/pdf}
}