@article{vihola,
  author = "Vihola, Matti and Helske, Jouni and Franks, Jordan",
    title = "Importance sampling type estimators based on approximate marginal Markov chain Monte Carlo",
    journal = "Scandinavian Journal of Statistics",
    doi = "10.1111/sjos.12492",
    url = "https://onlinelibrary.wiley.com/doi/abs/10.1111/sjos.12492",
    year = "2020"
}


@book{harvey,
  author = {Harvey, A. C.},
  publisher = {Cambridge University Press},
  title = {Forecasting, Structural Time Series Models and the {K}alman Filter},
  year = {1989}
}

@article{durbin,
  author = {Durbin, J. and Koopman, S. J.},
  title = {A Simple and Efficient Simulation Smoother for State Space Time Series Analysis},
  journal = {Biometrika},
  year = {2002},
  volume = {89},
  pages = {603--615}
}

@Manual{R,
    title = {R: A Language and Environment for Statistical Computing},
    author = {{R Core Team}},
    organization = {R Foundation for Statistical Computing},
    address = {Vienna, Austria},
    year = {2020},
    url = {https://www.R-project.org/}
}

@Manual{shinystan,
    title = {shinystan: Interactive Visual and Numerical Diagnostics and Posterior Analysis for {B}ayesian Models},
    author = {{Stan Development Team}},
    year = {2017},
    note = {R package version 2.3.0},
    url = {https://mc-stan.org/}
}
  
@Manual{rstan,
    title = {{RStan}: the {R} interface to {Stan}},
    author = {{Stan Development Team}},
    note = {R package version 2.14.1},
    year = {2016},
    url = {https://mc-stan.org/}
}

@Manual{stan,
    title = {The {S}tan {C}++ Library},
    author = {{Stan Development Team}},
    note = {Version 2.15.0},
    year = {2016},
    url = {https://mc-stan.org/}
}
