@preamble{ " \newcommand{\noop}[1]{} " } % a do-nothing command that serves a purpose

@unpublished{huling18,
  author = "Huling, Jared and Yu, Menggang and Liang, Muxuan and Smith, Maureen",
  title = "Risk Prediction for Heterogeneous Populations with Application to Hospital Admission Prediction",
  journal = {Biometrics},
  year = {2018},
  volume = {75},
  issue = {2},
  pages = {557--565},
  doi = {10.1111/biom.12769},
  url = {http://dx.doi.org/10.1111/biom.12769}
 }
