@article{lovelace_stplanr_2018,
  title = {Stplanr: {{A Package}} for {{Transport Planning}}},
  volume = {10},
  doi = {10.32614/RJ-2018-053},
  abstract = {stplanr - R package providing functions and data access for transport research},
  number = {2},
  journal = {The R Journal},
  author = {Lovelace, Robin and Ellison, Richard},
  year = {2018},
  pages = {7-23},
}