
@article {Garriga:2018,
title={bigMap: Big Data Mapping with parallelized {t}-{SNE}.},
author={Joan Garriga and Frederic Bartumeus},
journal={Journal of Statistical Software},
year={2018},
volume={14 1},
pages={015002}
}

@article {Todd:2016,
title={Systematic exploration of unsupervised methods for mapping behavior.},
author={Jeremy G Todd and Jamey S. Kain and Benjamin Lovegren de Bivort},
journal={Physical biology},
year={2017},
volume={14 1},
pages={015002}
}

@article{Maaten:2008,
title = {Visualizing High-Dimensional Data Using t-SNE},
volume = {9},
pages = {2579-2605},
year = {2008},
author = {vdMaaten, Laurens and G.E. Hinton},
journal = {Journal of Machine Learning Research}
}

@article{Terrell:1992,
author = "Terrell, George R. and Scott, David W.",
doi = "10.1214/aos/1176348768",
fjournal = "The Annals of Statistics",
journal = "Ann. Statist.",
month = "09",
number = "3",
pages = "1236--1265",
publisher = "The Institute of Mathematical Statistics",
title = "Variable Kernel Density Estimation",
url = "http://dx.doi.org/10.1214/aos/1176348768",
volume = "20",
year = "1992"
}

@article{Meyer:1994,
author = {Meyer, Fernand},
title = {Topographic Distance and Watershed Lines},
journal = {Signal Process.},
issue_date = {July 1994},
volume = {38},
number = {1},
month = jul,
year = {1994},
issn = {0165-1684},
pages = {113--125},
numpages = {13},
url = {http://dx.doi.org/10.1016/0165-1684(94)90060-4},
doi = {10.1016/0165-1684(94)90060-4},
acmid = {195396},
publisher = {Elsevier North-Holland, Inc.},
address = {Amsterdam, The Netherlands, The Netherlands},
keywords = {mathematical morphology, segmentation, shortest path algorithms, topographic distance, watershed line}
}

@InProceedings{DeBock:2005,
author="De Bock, Johan and De Smet, Patrick and Philips, Wilfried",
editor="Blanc-Talon, Jacques and Philips, Wilfried and Popescu, Dan and Scheunders, Paul",
title="A Fast Sequential Rainfalling Watershed Segmentation Algorithm",
booktitle="Advanced Concepts for Intelligent Vision Systems",
year="2005",
publisher="Springer Berlin Heidelberg",
address="Berlin, Heidelberg",
pages="476--482",
isbn="978-3-540-32046-3"
}

@inproceedings{Stoev:2000,
author = {Stoev, Stanislav L. and Stra{\ss}er, Wolfgang},
title = {Extracting Regions of Interest Applying a Local Watershed Transformation},
booktitle = {Proceedings of the Conference on Visualization '00},
series = {VIS '00},
year = {2000},
isbn = {1-58113-309-X},
location = {Salt Lake City, Utah, USA},
pages = {21--28},
numpages = {8},
url = {http://dl.acm.org/citation.cfm?id=375213.375214},
acmid = {375214},
publisher = {IEEE Computer Society Press},
address = {Los Alamitos, CA, USA},
keywords = {biomedical image segmentation, computer vision, data visualization, feature extraction, image processing, morphological segmentation, volume visualization, watershed transformation},
}

@Manual{R,
title = {R: A Language and Environment for Statistical Computing},
author = {{R Core Team}},
organization = {R Foundation for Statistical Computing},
address = {Vienna, Austria},
year = {2018},
url = {https://www.R-project.org/},
}

@Article{Rcpp,
title = {{Rcpp}: Seamless {R} and {C++} Integration},
author = {Dirk Eddelbuettel and Romain Fran\c{c}ois},
journal = {Journal of Statistical Software},
year = {2011},
volume = {40},
number = {8},
pages = {1--18},
url = {http://www.jstatsoft.org/v40/i08/},
doi = {10.18637/jss.v040.i08},
}

@Article{RcppArmadillo,
title = {RcppArmadillo: Accelerating R with high-performance C++ linear algebra},
author = {Dirk Eddelbuettel and Conrad Sanderson},
journal = {Computational	Statistics and Data Analysis},
year = {2014},
volume = {71},
month = {March},
pages = {1054--1063},
url = {http://dx.doi.org/10.1016/j.csda.2013.02.005},
}

@Article{bigmemory,
title = {Scalable Strategies for Computing with Massive Data},
author = {Michael J. Kane and John Emerson and Stephen Weston},
journal = {Journal of Statistical Software},
year = {2013},
volume = {55},
number = {14},
pages = {1--19},
url = {http://www.jstatsoft.org/v55/i14/},
}

@Manual{snow,
title = {snow: Simple Network of Workstations},
author = {Luke Tierney and A. J. Rossini and Na Li and H. Sevcikova},
year = {2016},
note = {R package version 0.4-2},
url = {https://CRAN.R-project.org/package=snow},
}

@Manual{RColorBrewer,
title = {RColorBrewer: ColorBrewer Palettes},
author = {Erich Neuwirth},
year = {2014},
note = {R package version 1.1-2},
url = {https://CRAN.R-project.org/package=RColorBrewer},
}

@Article{colorspace,
title = {Escaping {RGB}land: Selecting Colors for Statistical Graphics},
author = {Achim Zeileis and Kurt Hornik and Paul Murrell},
journal = {Computational Statistics \& Data Analysis},
year = {2009},
volume = {53},
number = {9},
pages = {3259--3270},
doi = {10.1016/j.csda.2008.11.033},
}
