@Article{Fischer2014,
	author = "Fischer, Daniel and Oja, Hannu and Schleutker, Johanna and Sen, Pranab K. and Wahlfors, Tiina",
	title = "Generalized Mannâ€“Whitney Type Tests for Microarray Experiments",
	journal = "Scandinavian Journal of Statistics",
	volume = "41",
	number = "3",
	pages = "672--692",
	year = "2014"
}

