% This file was created with JabRef 2.9.2.
% Encoding: Cp1252

@ARTICLE{GAH09,
  author = {G. Athanasopoulos and R. A. Ahmed and R. J. Hyndman},
  title = {{Hierarchical forecasts for Australian domestic tourism}},
  journal = {International Journal of Forecasting},
  year = {2009},
  volume = {25},
  pages = {146-166},
  number = {1},
  owner = {hs3v12},
  quality = {1},
  timestamp = {2013.02.05}
}

@ARTICLE{FS90,
  author = {R. C. Fair and R. J. Shiller},
  title = {Comparing information in forecasts from econometric models},
  journal = {The American Economic Review},
  year = {1990},
  volume = {80},
  pages = {375-389},
  number = {3},
  owner = {hs3v12},
  quality = {1},
  timestamp = {2013.02.04}
}

@ARTICLE{Fliedner99,
  author = {G. Fliedner},
  title = {An investigation of aggregate variable time series forecast strategies
	with specific subaggregate time series statistical correlation},
  journal = {Computers and Operations Research},
  year = {1999},
  volume = {26},
  pages = {1133-1149},
  number = {10-11},
  owner = {hanlinshang},
  timestamp = {2013.02.15}
}

@ARTICLE{GS90,
  author = {C. W. Gross and J. E. Sohl},
  title = {Disaggregation methods to expedite product line forecasting},
  journal = {Journal of Forecasting},
  year = {1990},
  volume = {9},
  pages = {233-254},
  number = {3},
  owner = {hs3v12},
  quality = {1},
  timestamp = {2013.02.04}
}

@ARTICLE{GG60,
  author = {Y. Grunfeld and Z. Griliches},
  title = {Is aggregation necessarily bad?},
  journal = {The Review of Economics and Statistics},
  year = {1960},
  volume = {42},
  pages = {1-13},
  number = {1},
  owner = {hanlinshang},
  timestamp = {2013.02.15}
}

@ARTICLE{Hubrich05,
  author = {K. Hubrich},
  title = {Forecasting euro area inflation: does aggregating forecasts by HICP
	component improve forecast accuracy?},
  journal = {International Journal of Forecasting},
  year = {2005},
  volume = {21},
  pages = {119-136},
  number = {1},
  owner = {hs3v12},
  quality = {1},
  timestamp = {2013.02.04}
}

@BOOK{HKO+08,
  title = {Forecasting with exponential smoothing: the state-space approach},
  publisher = {Springer},
  year = {2008},
  author = {R. Hyndman and A. Koehler and J. Ord and R. Snyder},
  address = {New York},
  keywords = {state space model, ARIMA, exponential smoothing,},
  owner = {Han},
  timestamp = {2008.05.01}
}

@MANUAL{Hyndman10,
  title = {addb: Australian Demographic Data Bank},
  author = {Rob J Hyndman},
  year = {2010},
  note = {R package version 3.223},
  url = {http://robjhyndman.com/software/addb/}
}

@ARTICLE{HAA+11,
  author = {R. J. Hyndman and R. A. Ahmed and G. Athanasopoulos and H. L. Shang},
  title = {Optimal combination forecasts for hierarchical time series},
  journal = {Computational Statistics and Data Analysis},
  year = {2011},
  volume = {55},
  pages = {2579-2589},
  owner = {hs3v12},
  quality = {1},
  timestamp = {2013.02.04}
}

@MANUAL{HAH13,
  title = {hts: Hierarchical and grouped time series},
  author = {Rob J Hyndman and Roman A Ahmed and Han Lin Shang and Earo Wang},
  year = {2014},
  note = {R package version 4.00},
  url = {http://CRAN.R-project.org/package=hts}
}

@ARTICLE{HK08,
  author = {Rob. J. Hyndman and Y. Khandakar},
  title = {{Automatic time series forecasting: the forecast package for R}},
  journal = {Journal of Statistical Software},
  year = {2008},
  volume = {27},
  number = {3},
  keywords = {ARIMA models, automatic forecasting, exponential smoothing, prediction
	intervals, state space models, time series, R},
  owner = {hanlinshang},
  timestamp = {2013.02.10}
}

@ARTICLE{Kahn98,
  author = {K. B. Kahn},
  title = {Revisiting top-down versus bottom-up forecasting},
  journal = {The Journal of Business Forecasting},
  year = {1998},
  volume = {17},
  pages = {14-19},
  number = {2},
  owner = {hs3v12},
  quality = {1},
  timestamp = {2013.02.04}
}

@ARTICLE{MSW03,
  author = {M. Marcellino and J. H. Stock and M. W. Watson},
  title = {{Macroeconomic forecasting in the Euro area: country specific versus
	area-wide information}},
  journal = {European Economic Review},
  year = {2003},
  volume = {47},
  pages = {1-18},
  number = {1},
  owner = {hs3v12},
  quality = {1},
  timestamp = {2013.02.04}
}

@MANUAL{Team13,
  title = {R: A Language and Environment for Statistical Computing},
  author = {{R Core Team}},
  organization = {R Foundation for Statistical Computing},
  address = {Vienna, Austria},
  year = {2013},
  url = {http://www.R-project.org/}
}

@ARTICLE{STM88,
  author = {A. B. Schwarzkopf and R. J. Tersine and J. S. Morris},
  title = {Top-down versus bottom-up forecasting strategies},
  journal = {International Journal of Production Research},
  year = {1988},
  volume = {26},
  pages = {1833-1843},
  number = {11},
  owner = {hanlinshang},
  timestamp = {2013.02.15}
}

@ARTICLE{SW79,
  author = {E. Shlifer and R. W. Wolff},
  title = {Aggregation and proration in forecasting},
  journal = {Management Science},
  year = {1979},
  volume = {25},
  pages = {594-603},
  number = {6},
  owner = {hanlinshang},
  timestamp = {2013.02.15}
}

@ARTICLE{ZT00,
  author = {A. Zellner and J. Tobias},
  title = {A note on aggregation, disaggregation and forecasting performance},
  journal = {Journal of Forecasting},
  year = {2000},
  volume = {19},
  pages = {457-469},
  number = {5},
  owner = {hs3v12},
  quality = {1},
  timestamp = {2013.02.04}
}

@TECHREPORT{HLW14,
  title       = {Fast computation of reconciled forecasts for hierarchical and grouped time series},
  author      = "Hyndman, Rob J and Lee, Alan and Wang, Earo",
  number      = "17/14",
  institution = "Department of Econometrics \& Business Statistics, Monash University",
  year        =  2014,
type = {Working paper},
url = {http://robjhyndman.com/working-papers/hgts/},
}
