@article{gilchrist2015,
   author={Gilchrist, MA and Chen, WC and Shah, P and Landerer, CL and Zaretzki, R},
   title={Estimating Gene Expression and Codon-Specific Translational Efficiencies, Mutation Biases, and Selection Coefficients from Genomic Data Alone},
   journal={Genome Biology and Evolution},
   volume={7},
   year={2015},
   pages={1559-1579}
}

@article{rcpp_article,
  title = {{Rcpp}: Seamless {R} and {C++} Integration},
  author = {Dirk Eddelbuettel and Romain Fran\c{c}ois},
  journal = {Journal of Statistical Software},
  year = {2011},
  volume = {40},
  number = {8},
  pages = {1--18},
  url = {http://www.jstatsoft.org/v40/i08/},
  doi = {10.18637/jss.v040.i08},
}

@article{SharpLi1987,
  title = {The codon adaptation index - a measure of directional synonymous codon usage bias, and its potential applications},
  author = {Sharp, PM and Li, WH},
  journal = {Nucleic Acids Research},
  year = {1987},
  volume = {15},
  number = {3},
  pages = {1281--1295},
}

@article{Wright1990,
  title = {The 'effective number of codons' used in a gene},
  author = {Wright, F},
  journal = {Gene},
  year = {1990},
  volume = {87},
  pages = {23--29},
}

