@article{Lin2002,
	author = {Lin, Haiqun and McCulloch, Charles E and Mayne, Susan T},
	doi = {10.1002/sim.1179},
	journal = {Statistics in Medicine},
	keywords = {em algorithm,joint analysis,multiple longitudinal,survival},
	pages = {2369--2382},
	title = {{Maximum likelihood estimation in the joint analysis of time-to-event and multiple longitudinal variables}},
	volume = {21},
	year = {2002}
}

@article{Henderson2000,
	author = {Henderson, Robin and Diggle, Peter J and Dobson, Angela},
	doi = {10.1093/biostatistics/1.4.465},
	journal = {Biostatistics},
	number = {4},
	pages = {465--480},
	title = {{Joint modelling of longitudinal measurements and event time data}},
	volume = {1},
	year = {2000}
}

@article{Wulfsohn1997,
	author = {Wulfsohn, M S and Tsiatis, Anastasios A},
	journal = {Biometrics},
	mendeley-groups = {Joint Modelling},
	number = {1},
	pages = {330--339},
	title = {{A joint model for survival and longitudinal data measured with error}},
	volume = {53},
	year = {1997}
}

@article{Dempster1977,
	author = {Dempster, A P and Laird, N M and Rubin, Donald B},
	journal = {Journal of the Royal Statistical Society. Series B: Statistical Methodology},
	number = {1},
	pages = {1--38},
	title = {{Maximum likelihood from incomplete data via the EM algorithm}},
	volume = {39},
	year = {1977}
}

@article{Hsieh2006,
	author = {Hsieh, Fushing and Tseng, Yi Kuan and Wang, Jane Ling},
	journal = {Biometrics},
	number = {4},
	pages = {1037--1043},
	title = {{Joint modeling of survival and longitudinal data: Likelihood approach revisited}},
	volume = {62},
	year = {2006}
}

@book{Rizopoulos2012,
	address = {Boca Raton, FL},
	author = {Rizopoulos, Dimitris},
	publisher = {Chapman {\&} Hall/CRC},
	title = {{Joint Models for Longitudinal and Time-to-Event Data, with Applications in R}},
	year = {2012}
}

@article{Ratcliffe2004,
	author = {Ratcliffe, Sarah J and Guo, Wensheng and {Ten Have}, Thomas R},
	doi = {10.1111/j.0006-341X.2004.00244.x},
	journal = {Biometrics},
	number = {4},
	pages = {892--899},
	title = {{Joint modeling of longitudinal and survival data via a common frailty}},
	volume = {60},
	year = {2004}
}

@article{Booth1999,
	author = {Booth, J G and Hobert, James P},
	doi = {10.1111/1467-9868.00176},
	journal = {Journal of the Royal Statistical Society: Series B (Statistical Methodology)},
	number = {1},
	pages = {265--285},
	title = {{Maximizing generalized linear mixed model likelihoods with an automated Monte Carlo EM algorithm}},
	volume = {61},
	year = {1999}
}

@article{Ripatti2002,
	author = {Ripatti, Samuli and Larsen, Klaus and Palmgren, Juni},
	journal = {Lifetime Data Analysis},
	number = {2002},
	pages = {349--360},
	title = {{Maximum likelihood inference for multivariate frailty models using an automated Monte Carlo EM algorithm}},
	volume = {8},
	year = {2002}
}

@article{Wei1990,
	author = {Wei, Greg C. and Tanner, Martin A.},
	journal = {Journal of the American Statistical Association},
	doi = {10.2307/2290005},
	number = {411},
	pages = {699--704},
	title = {{A Monte Carlo implementation of the EM algorithm and the poor man's data augmentation algorithms}},
	volume = {85},
	year = {1990}
}

@article{Law2002,
	author = {Law, N J and Taylor, J M and Sandler, H},
	journal = {Biostatistics},
	number = {4},
	pages = {547--563},
	title = {{The joint modeling of a longitudinal disease progression marker and the failure time process in the presence of cure}},
	volume = {3},
	year = {2002}
}

@article{Laird1982,
	author = {Laird, Nan M and Ware, James H},
	journal = {Biometrics},
	number = {4},
	pages = {963--74},
	title = {{Random-effects models for longitudinal data}},
	volume = {38},
	year = {1982}
}

@article{McCulloch1997,
	author = {McCulloch, Charles E},
	doi = {10.2307/2291460},
	issn = {01621459},
	number = {437},
	pages = {162--170},
	title = {{Maximum likelihood algorithms for generalized linear mixed models}},
	volume = {92},
	year = {1997}
}

@book{McLachlan2008,
	author = {McLachlan, Geoffrey J and Krishnan, Thriyambakam},
	doi = {10.2307/1271189},
	edition = {Second},
	isbn = {0471123587},
	issn = {00401706},
	pmid = {644222},
	publisher = {Wiley-Interscience},
	title = {{The EM Algorithm and Extensions}},
	year = {2008}
}

@phdthesis{Lin2000,
	author = {Lin, Haiqun},
	school = {Cornell University},
	title = {{A finite mixture model for joint longitudinal biomarker and survival outcome responses}},
	type = {Ph.D.},
	year = {2000}
}

@article{Austin2012,
	author = {Austin, Peter C},
	doi = {10.1002/sim.5452},
	journal = {Statistics in Medicine},
	number = {29},
	pages = {3946--3958},
	title = {{Generating survival times to simulate Cox proportional hazards models with time-varying covariates}},
	volume = {31},
	year = {2012}
}

@article{Bender2005,
	author = {Bender, Ralf and Augustin, Thomas and Blettner, Maria},
	journal = {Statistics in Medicine},
	pages = {1713--1723},
	title = {{Generating survival times to simulate Cox proportional hazards models}},
	volume = {24},
	year = {2005}
}

@article{Xu2014,
	author = {Xu, Cong and Baines, Paul D and Wang, Jane Ling},
	issn = {1468-4357},
	journal = {Biostatistics},
	number = {4},
	pages = {731--44},
	title = {{Standard error estimation using the EM algorithm for the joint modeling of survival and longitudinal data}},
	volume = {15},
	year = {2014}
}