@Article{Almogahed_2014,
  doi = {10.1007/s00500-014-1484-5},
  url = {https://doi.org/10.1007/s00500-014-1484-5},
  year = {2014},
  month = {oct},
  publisher = {Springer Nature},
  volume = {19},
  number = {11},
  pages = {3301--3322},
  author = {B. A. Almogahed and I. A. Kakadiaris},
  title = {{NEATER}: filtering of over-sampled data using non-cooperative game theory},
  journal = {Soft Computing},
}

@Article{Barua_2014,
  doi = {10.1109/tkde.2012.232},
  url = {https://doi.org/10.1109/tkde.2012.232},
  year = {2014},
  month = {feb},
  publisher = {Institute of Electrical and Electronics Engineers ({IEEE})},
  volume = {26},
  number = {2},
  pages = {405--425},
  author = {Sukarna Barua and Md. Monirul Islam and Xin Yao and Kazuyuki Murase},
  title = {{MWMOTE}--Majority Weighted Minority Oversampling Technique for Imbalanced Data Set Learning},
  journal = {{IEEE} Transactions on Knowledge and Data Engineering},
}

@Article{Das_2015,
  doi = {10.1109/tkde.2014.2324567},
  url = {https://doi.org/10.1109/tkde.2014.2324567},
  year = {2015},
  month = {jan},
  publisher = {Institute of Electrical and Electronics Engineers ({IEEE})},
  volume = {27},
  number = {1},
  pages = {222--234},
  author = {Barnan Das and Narayanan C. Krishnan and Diane J. Cook},
  title = {{RACOG} and {wRACOG}: Two Probabilistic Oversampling Techniques},
  journal = {{IEEE} Transactions on Knowledge and Data Engineering},
}

@Article{Gao_2014,
  doi = {10.1016/j.neucom.2014.02.006},
  url = {https://doi.org/10.1016/j.neucom.2014.02.006},
  year = {2014},
  month = {aug},
  publisher = {Elsevier {BV}},
  volume = {138},
  pages = {248--259},
  author = {Ming Gao and Xia Hong and Sheng Chen and Chris J. Harris and Emad Khalaf},
  title = {{PDFOS}: {PDF} estimation based over-sampling for imbalanced two-class problems},
  journal = {Neurocomputing},
}

@Article{Zhang_2014,
  doi = {10.1016/j.inffus.2013.12.003},
  url = {https://doi.org/10.1016/j.inffus.2013.12.003},
  year = {2014},
  month = {nov},
  publisher = {Elsevier {BV}},
  volume = {20},
  pages = {99--116},
  author = {Huaxiang Zhang and Mingfang Li},
  title = {{RWO}-Sampling: A random walk over-sampling approach to imbalanced data classification},
  journal = {Information Fusion},
}
