@article{r1,
   author = {Ceballos, Gerardo and Ehrlich, Paul R. and Sober\'{o}n, Jorge and Salazar, Irma and Fay, John P.},
   title = {{Global mammal conservation: What must we manage?}},
   journal = {Science},
   volume = {309},
   number = {5734},
   pages = {603--607},
   year = {2005},
   type = {Journal Article}
}

@article{r2,
  title={Global variation in terrestrial conservation costs, conservation benefits, and unmet conservation needs},
  author={Balmford, Andrew and Gaston, Kevin J and Blyth, Simon and James, Alex and Kapos, Val},
  journal={Proceedings of the National Academy of Sciences},
  volume={100},
  number={3},
  pages={1046--1050},
  year={2003},
  publisher={National Acad Sciences}
}

@article{r3,
  title={Optimal allocation of resources among threatened species: a project prioritization protocol},
  author={Joseph, Liana N and Maloney, Richard F and Possingham, Hugh P},
  journal={Conservation Biology},
  volume={23},
  number={2},
  pages={328--338},
  year={2009},
  publisher={Wiley Online Library}
}

@article{r4,
  title={{Balancing phylogenetic diversity and species numbers in conservation prioritizat, using a case study of threatened species in New Zealand}},
  author={Bennett, Joseph R and Elliott, Graeme and Mellish, Belinda and Joseph, Liana N and Tulloch, Ayesha IT and Probert, William JM and Di Fonzo, Martina MI and Monks, Joanne M and Possingham, Hugh P and Maloney, Richard},
  journal={Biological Conservation},
  volume={174},
  pages={47--54},
  year={2014},
  publisher={Elsevier}
}

@article{r5,
  title={Benefits of integrating complementarity into priority threat management},
  author={Chad{\'e}s, Iadine and Nicol, Sam and van Leeuwen, Stephen and Walters, Belinda and Firn, Jennifer and Reeson, Andrew and Martin, Tara G and Carwardine, Josie},
  journal={Conservation Biology},
  volume={29},
  number={2},
  pages={525--536},
  year={2015},
  publisher={Wiley Online Library}
}

@article{r6,
  title={Effect of risk aversion on prioritizing conservation projects},
  author={Tulloch, Ayesha IT and Maloney, Richard F and Joseph, Liana N and Bennett, Joseph R and Di Fonzo, Martina MI and Probert, William JM and O'connor, Shaun M and Densem, Jodie P and Possingham, Hugh P},
  journal={Conservation Biology},
  volume={29},
  number={2},
  pages={513--524},
  year={2015},
  publisher={Wiley Online Library}
}

@article{r8,
  title={Threatened species and the potential loss of phylogenetic diversity: conservation scenarios based on estimated extinction probabilities and phylogenetic risk analysis},
  author={Faith, Daniel P},
  journal={Conservation Biology},
  volume={22},
  number={6},
  pages={1461--1470},
  year={2008},
  publisher={Wiley Online Library}
}

@article{r9,
  title={Conservation evaluation and phylogenetic diversity},
  author={Faith, Daniel P},
  journal={Biological Conservation},
  volume={61},
  number={1},
  pages={1--10},
  year={1992},
  publisher={Elsevier}
}

@article{r10,
  title={Mammal diversity will take millions of years to recover from the current biodiversity crisis},
  author={Davis, Matt and Faurby, S{\o}ren and Svenning, Jens-Christian},
  journal={Proceedings of the National Academy of Sciences},
  pages={201804906},
  year={2018},
  publisher={National Acad Sciences}
}

@article{r11,
  title={Endangered species recovery: A resource allocation problem},
  author={Gerber, Leah R and Runge, Michael C and Maloney, Richard F and Iacona, Gwenllian D and Drew, C Ashton and Avery-Gomm, Stephanie and Brazill-Boast, James and Crouse, Deborah and Epanchin-Niell, Rebecca S and Hall, Sarah B and others},
  journal={Science},
  volume={362},
  number={6412},
  pages={284--286},
  year={2018},
  publisher={American Association for the Advancement of Science}
}

@article{r12,
  title={Optimal and suboptimal reserve selection algorithms},
  author={Underhill, LG},
  journal={Biological Conservation},
  volume={70},
  number={1},
  pages={85--87},
  year={1994},
  publisher={Elsevier}
}

@article{r13,
  title={Optimisation in reserve selection procedures---why not?},
  author={Rodrigues, Ana SL and Gaston, Kevin J},
  journal={Biological Conservation},
  volume={107},
  number={1},
  pages={123--129},
  year={2002},
  publisher={Elsevier}
}

@article{r14,
  title={International Series in Operations Research \& Management Science},
  author={Hillier, Frederick S and Price, Camille C},
  year={2005},
  publisher={Springer}
}

@article{r15,
  title = {{ape 5.0: an environment for modern phylogenetics and evolutionary analyses in R}},
  author = {E. Paradis and K. Schliep},
  journal = {Bioinformatics},
  year = {2018},
  volume={1},
  pages={3},
}

@manual{r16,
  title = {{R: A Language and Environment for Statistical Computing}},
  author = {{R Core Team}},
  organization = {{R Foundation for Statistical Computing}},
  address = {Vienna, Austria},
  year = {2018},
  url = {https://www.R-project.org},
}

@Manual{r17,
  title = {{gurobi: Gurobi Optimizer 8.1 interface}},
  author = {{Gurobi Optimization} and {LLC}},
  year = {2018},
  note = {R package version 8.1-0},
  url = {http://www.gurobi.com},
}

@article{r18,
author = {Carwardine, Josie and Martin, Tara G. and Firn, Jennifer and Reyes, Rocio Ponce and Nicol, Sam and Reeson, Andrew and Grantham, Hedley S. and Stratford, Danial and Kehoe, Laura and Chad√®s, Iadine},
title = {{Priority Threat Management for biodiversity conservation: A handbook}},
year={2018},
journal = {{Journal of Applied Ecology}},
volume = {In press},
pages = {DOI: 10.1111/1365-2664.13268},
}

@incollection{r19,
  title={Marxan and relatives: software for spatial conservation prioritisation},
  author={Ball, Ian R and Possingham, Hugh P and Watts, M},
  booktitle={Spatial conservation prioritisation: Quantitative methods and computational tools},
  pages={185--195},
  year={2009},
  publisher={Oxford University Press Oxford}
}

@article{r20,
  title={Assessing replacement cost of conservation areas: how does habitat loss influence priorities?},
  author={Moilanen, Atte and Arponen, Anni and Stokland, Jogeir N and Cabeza, Mar},
  journal={Biological Conservation},
  volume={142},
  number={3},
  pages={575--585},
  year={2009},
}

@article{r21,
   title = {Solving conservation planning problems with integer linear programming},
   journal = {Ecological Modelling},
   volume = {328},
   number = {},
   pages = {14-22},
   year = {2016},
   author = {Hawthorne L. Beyer and Yann Dujardin and Matthew E. Watts and Hugh P. Possingham},
}

@article{r22,
  title={Optimization by simulated annealing},
  author={Kirkpatrick, Scott and Gelatt, C Daniel and Vecchi, Mario P},
  journal={Science},
  volume={220},
  number={4598},
  pages={671--680},
  year={1983},
}

@article{r23,
  title={What to protect?---Systematics and the agony of choice},
  author={Vane-Wright, Richard I and Humphries, Christopher J and Williams, Paul H},
  journal={Biological Conservation},
  volume={55},
  number={3},
  pages={235--254},
  year={1991},
  publisher={Elsevier}
}

@article{r24,
  title={Hitting the target and missing the point: target-based conservation planning in context},
  author={Carwardine, Josie and Klein, Carissa J and Wilson, Kerrie A and Pressey, Robert L and Possingham, Hugh P},
  journal={Conservation Letters},
  volume={2},
  number={1},
  pages={4--11},
  year={2009},
  publisher={Wiley Online Library}
}

@article{r25,
  title={An iterative method for establishing priorities for the selection of nature reserves: an example from Tasmania},
  author={Kirkpatrick, JB},
  journal={Biological Conservation},
  volume={25},
  number={2},
  pages={127--134},
  year={1983},
  publisher={Elsevier}
}

@article{r26,
  title={Conservation planning with irreplaceability: does the method matter?},
  author={Carwardine, J and Rochester, WA and Richardson, KS and Williams, Kristen J and Pressey, RL and Possingham, HP},
  journal={Biodiversity and Conservation},
  volume={16},
  number={1},
  pages={245--258},
  year={2007},
  publisher={Springer}
}

@article{r27,
  title={Core concepts of spatial prioritisation in systematic conservation planning},
  author={Kukkala, Aija S and Moilanen, Atte},
  journal={Biological Reviews},
  volume={88},
  number={2},
  pages={443--464},
  year={2013},
  publisher={Wiley Online Library}
}

@article{r28,
  title={Evaluating trade-offs between target persistence levels and numbers of species conserved},
  author={Di Fonzo, Martina MI and Possingham, Hugh P and Probert, William JM and Bennett, Joseph R and Joseph, Liana N and Tulloch, Ayesha IT and O'Connor, Shaun and Densem, Jodie and Maloney, Richard F},
  journal={Conservation Letters},
  volume={9},
  number={1},
  pages={51--57},
  year={2016},
  publisher={Wiley Online Library}
}

@article{r29,
  title={Prioritizing recovery funding to maximize conservation of endangered species},
  author={Martin, Tara G and Kehoe, Laura and Mantyka-Pringle, Chrystal and Chades, Iadine and Wilson, Scott and Bloom, Robin G and Davis, Stephen K and Fisher, Ryan and Keith, Jeff and Mehl, Katherine and others},
  journal={Conservation Letters},
  volume={11},
  number={6},
  pages={e12604},
  year={2018},
  publisher={Wiley Online Library}
}
