% Encoding: UTF-8

@Article{2018_Castellares,
  author  = {Fredy Castellares and Silvia L.P. Ferrari and Artur J. Lemonte},
  title   = {On the Bell distribution and its associated regression model for count data},
  journal = {Applied Mathematical Modelling},
  year    = {2018},
  volume  = {56},
  pages   = {172 - 185},
  doi     = {https://doi.org/10.1016/j.apm.2017.12.014},
}

@Article{2020_Lemonte,
  author    = {Artur J. Lemonte and Germ√°n Moreno-Arenas and Fredy Castellares},
  title     = {Zero-inflated Bell regression models for count data},
  journal   = {Journal of Applied Statistics},
  year      = {2020},
  volume    = {47},
  number    = {2},
  pages     = {265-286},
  doi       = {10.1080/02664763.2019.1636940},
  publisher = {Taylor \& Francis},
}

@Book{2012_Crawley,
  title     = {The R Book},
  publisher = {Wiley Publishing},
  year      = {2012},
  author    = {Crawley, Michael J.},
  edition   = {2nd},
  isbn      = {0470973927},
}

@Proceedings{1982_Hinde,
  title     = {Compound Poisson Regression Models},
  year      = {1982},
  editor    = {J. Hind},
  volume    = {14},
  series    = {Lecture Notes in Statistics},
  publisher = {Springer, New York, NY},
  isbn      = {978-0-387-90777-2},
  doi       = {10.1007/978-1-4612-5771-4_11},
}

@Comment{jabref-meta: databaseType:bibtex;}
