@book{wegert_visualcpx_2012,
  author    = {Elias Wegert},
  title     = {Visual Complex Functions. An Introduction with Phase Portraits},
  publisher = {Springer},
  year      = 2012,
  address   = {Basel Heidelberg New York Dordrecht London},
  isbn      = {978-3-0348-0179-9},
  pages     = 360
}

@Article{edelbuettel_rcpp_2017,
    title = {Extending R with C++: A Brief Introduction to Rcpp},
    author = {Dirk Eddelbuettel and James Joseph Balamuta},
    journal = {PeerJ Preprints},
    year = {2017},
    month = {aug},
    volume = {5},
    pages = {e3188v1},
    issn = {2167-9843},
    url = {https://doi.org/10.7287/peerj.preprints.3188v1},
    doi = {10.7287/peerj.preprints.3188v1},
}

@Manual{micwest_doparallel_2019,
    title = {doParallel: Foreach Parallel Adaptor for the 'parallel' Package},
    author = {Microsoft and Steve Weston},
    year = {2019},
    note = {R package version 1.0.15},
    url = {https://CRAN.R-project.org/package=doParallel},
}

@Manual{micwest_foreach_2020,
    title = {foreach: Provides Foreach Looping Construct},
    author = {Microsoft and Steve Weston},
    year = {2020},
    note = {R package version 1.5.0},
    url = {https://CRAN.R-project.org/package=foreach},
}





