% This file was created with JabRef 2.10.
% Encoding: UTF-8

@article{hendrickson2007ncme,
  title={An NCME instructional module on multistage testing},
  author={Hendrickson, Amy},
  journal={Educational Measurement: Issues and Practice},
  volume={26},
  number={2},
  pages={44--52},
  year={2007},
  publisher={Wiley Online Library}
}

@misc{oecd2013technical,
  title={Technical report of the survey of adult skills (PIAAC)},
  author={OECD (Organisation for Economic Co-operation and Development)},
  year={2013},
  publisher={OECD Paris}
}

@InCollection{koopsmst,
  Title                    = {Bayesian inference for multistage and other incomplete designs},
  Author                   = {Jesse Koops and Timo Bechger and Gunter Maris},
  Booktitle                = {Research for Practical Issues and Solutions in Computerized Multistage Testing},
  Publisher                = {Routledge},
  Year                     = {in press},
  Address                  = {London},
  Chapter                  = {19},
  Editor                   = {von Davier, A.A. and Duanli, Y.},
  Pages                    = {201--216}
}


@incollection{moe2017setting,
  title={Setting Standards for Multistage Tests of Norwegian for Adult Immigrants},
  author={Moe, Eli and Verhelst, Norman},
  booktitle={Standard Setting in Education},
  pages={181--204},
  year={2017},
  publisher={Springer}
}

@book{Wickham2017,
 author = {Wickham, Hadley and Grolemund, Garrett},
 title = {R for Data Science: Import, Tidy, Transform, Visualize, and Model Data},
 year = {2017},
 isbn = {1491910399, 9781491910399},
 edition = {1st},
 publisher = {O'Reilly Media, Inc.},
} 

[download] 

@article{verhelst1984estimation,
  title={Estimation problems in the Rasch model: The basic symmetric functions},
  author={Verhelst, ND and Glas, CAW and Van der Sluis, A},
  journal={Computational Statistics Quarterly},
  volume={1},
  number={3},
  pages={245--262},
  year={1984}
}

@incollection{zenisky2009,
  title={Multistage testing: Issues, designs, and research},
  author={Zenisky, April and Hambleton, Ronald K and Luecht, Richard M},
  booktitle={Elements of adaptive testing},
  pages={355--372},
  year={2009},
  publisher={Springer}
}

@article{lord1971,
  title={A theoretical study of two-stage testing},
  author={Lord, Frederic M},
  journal={Psychometrika},
  volume={36},
  number={3},
  pages={227--242},
  year={1971},
  publisher={Springer}
}

@article{yan2014overview,
  title={Overview of computerized multistage tests},
  author={Yan, Duanli and Lewis, Charles and von Davier, Alina A},
  journal={Computerized multistage testing: Theory and applications. New York: Chapman \& Hall},
  year={2014}
}


@article{bejar2014,
  title={Past and Future of Multistage Testing in Educational Reform},
  author={Isaac I. Bejar},
  journal={Computerized multistage testing: Theory and applications. New York: Chapman \& Hall},
  year={2014}
}

@book{magis2017computerized,
  title={Computerized Adaptive and Multistage Testing with R: Using Packages CatR and MstR},
  author={Magis, David and Yan, Duanli and Von Davier, Alina A},
  year={2017},
  publisher={Springer}
}


@mastersthesis{lamore2017thesis,
  title={Comparing a Multistage and a Linear Summative Test on Ability Estimate Precision and Classification Accuracy},
  author={Lamor{\'e}, Michel},
  year={2017},
  school={University of Twente}
}

@article{flexilevel,
author = {Lord, Frederic M.},
title = {The Self-scoring Flexilevel Test},
journal = {Journal of Educational Measurement},
volume = {8},
number = {3},
pages = {147-151},
doi = {10.1111/j.1745-3984.1971.tb00918.x},
url = {https://onlinelibrary.wiley.com/doi/abs/10.1111/j.1745-3984.1971.tb00918.x},
eprint = {https://onlinelibrary.wiley.com/doi/pdf/10.1111/j.1745-3984.1971.tb00918.x},
abstract = {Modifications of administration and item arrangement of a conventional test can force a match between item difficulty levels and the ability level of the examinee. Although different examinees take different sets of items, the scoring method provides comparable scores for all. Furthermore, the test is self-scoring. These advantages are obtained without some of the usual disadvantages of tailored testing.}
}

@Article{BechgerMarisDIF,
  Title                    = {A statistical test for Differential item pair functioning},
  Author                   = {Timo M. Bechger and Gunter Maris},
  Journal                  = {Psychometrika},
  Year                     = {2015},
  Number                   = {2},
  Pages                    = {317-340},
  Volume                   = {80},

  Owner                    = {timo},
  Timestamp                = {2017.02.06}
}

@Manual{sm,
  Title                    = {{R} package \texttt{sm}: nonparametric smoothing methods (version 2.2-5.4)},

  Address                  = {University of Glasgow, UK and Universit\`a di Padova, Italia},
  Author                   = {A. W. Bowman and A. Azzalini},
  Year                     = {2014},

  Bdsk-url-1               = {http://www.stats.gla.ac.uk/~adrian/sm},
  Url                      = {http://www.stats.gla.ac.uk/~adrian/sm}
}

@Article{mirt,
  Title                    = {{mirt}: A Multidimensional Item Response Theory Package for the {R} Environment},
  Author                   = {R. Philip Chalmers},
  Journal                  = {Journal of Statistical Software},
  Year                     = {2012},
  Number                   = {6},
  Pages                    = {1--29},
  Volume                   = {48},

  Bdsk-url-1               = {http://www.jstatsoft.org/v48/i06/},
  Url                      = {http://www.jstatsoft.org/v48/i06/}
}


@Book{ER,
  Title                    = {Item Response Theory for Psychologists},
  Author                   = {Susan E. Embretson and Steven P. Reise},
  Publisher                = {Lawrence Erlbaum Associates},
  Year                     = {2000},

  Address                  = {Mahwah, NJ}
}

@InCollection{IM,
  Title                    = {The Interaction Model},
  Author                   = {Shelby J. Haberman},
  Booktitle                = {Multivariate and Mixture Distribution Rasch Models: Extensions and Applications},
  Publisher                = {Springer},
  Year                     = {2007},

  Address                  = {New York},
  Chapter                  = {13},
  Editor                   = {von Davier, M. and Carstensen, C.H.},
  Pages                    = {201--216}
}

@Article{Haebara,
  Title                    = {Equating logistic ability scales by a weighted lest squares method},
  Author                   = {T. Haebara},
  Journal                  = {Japanese Psychological Research},
  Year                     = {1980},
  Pages                    = {144--149},
  Volume                   = {22}
}

@Book{HS,
  Title                    = {Item Response Theory},
  Author                   = {Ronald K. Hambleton and Hariharah Swaminathan},
  Publisher                = {Kluwer--Nijhoff Publishing},
  Year                     = {1985},

  Address                  = {Boston},
  Edition                  = {Tenth Printing, 2000}
}

@InCollection{keuning2017,
  Title                    = {The Data-Driven Direct Consensus (3DC) Procedure: A New Approach to Standard Setting},
  Author                   = {Jos Keuning and J. Hendrik Straat and Remco C. W. Feskens},
  Booktitle                = {Methodology of Educational Measurement and Assessment},
  Publisher                = {Springer International Publishing},
  Year                     = {2017},
  Pages                    = {263--278},

  Doi                      = {10.1007/978-3-319-50856-6_15},
  Url                      = {https://doi.org/10.1007/978-3-319-50856-6_15}
}

@Manual{TAM,
  Title                    = {TAM: Test Analysis Modules},
  Author                   = {Thomas Kiefer and Alexander Robitzsch and Margaret Wu},
  Note                     = {R package version 1.99-6},
  Year                     = {2016},

  Bdsk-url-1               = {https://CRAN.R-project.org/package=TAM},
  Url                      = {https://CRAN.R-project.org/package=TAM}
}

@Article{DifR,
  Title                    = {A general framework and an {R} package for the detection of dichotomous differential item functioning},
  Author                   = {David Magis and Sebastian Beland and Francis Tuerlinckx and Paul de Boeck},
  Journal                  = {Behavior Research Methods},
  Year                     = {2010},
  Number                   = {3},
  Pages                    = {847-862},
  Volume                   = {42},

  Owner                    = {timo},
  Timestamp                = {2017.02.06}
}

@Article{eRm,
  Title                    = {Extended Rasch Modeling: The eRm Package for the Application of IRT Models in R},
  Author                   = {Patrick Mair and Reinhold Hatzinger},
  Journal                  = {Journal of Statistical Software},
  Year                     = {2007},
  Number                   = {1},
  Pages                    = {1--20},
  Volume                   = {20},

  Bdsk-url-1               = {https://www.jstatsoft.org/index.php/jss/article/view/v020i09},
  Bdsk-url-2               = {http://dx.doi.org/10.18637/jss.v020.i09},
  Doi                      = {10.18637/jss.v020.i09},
  Url                      = {https://www.jstatsoft.org/index.php/jss/article/view/v020i09}
}

@Article{marsman2017turning,
  Title                    = {Turning simulation into estimation: generalized exchange algorithms for exponential family models},
  Author                   = {Marsman, Maarten and Maris, Gunter and Bechger, Timo and Glas, Cees},
  Journal                  = {PloS one},
  Year                     = {2017},
  Number                   = {1},
  Pages                    = {e0169787},
  Volume                   = {12},

  Publisher                = {Public Library of Science}
}

@Article{MarsmanPV,
  Title                    = {{What can we learn from plausible values?}},
  Author                   = {Marsman, M. and Maris, G. and Bechger, T. M. and Glas, C. A. W.},
  Journal                  = {Psychometrika},
  Year                     = {2016},
  Pages                    = {1--16}
}

@Article{KernSmoothIRT,
  Title                    = {{KernSmoothIRT}: An {R} Package for Kernel Smoothing in Item Response Theory},
  Author                   = {Angelo Mazza and Antonio Punzo and Brian McGuire},
  Journal                  = {Journal of Statistical Software},
  Year                     = {2014},
  Number                   = {6},
  Pages                    = {1--34},
  Volume                   = {58},

  Bdsk-url-1               = {http://www.jstatsoft.org/v58/i06/},
  Url                      = {http://www.jstatsoft.org/v58/i06/}
}

@Manual{R,
  Title                    = {R: A Language and Environment for Statistical Computing},

  Address                  = {Vienna, Austria},
  Author                   = {{R Development Core Team}},
  Note                     = {{ISBN} 3-900051-07-0},
  Organization             = {R Foundation for Statistical Computing},
  Year                     = {2005},

  Bdsk-url-1               = {http://www.R-project.org},
  Url                      = {https://www.R-project.org}
}

@Manual{TestGraf,
  Title                    = {{TestGraf}: A Program for the Graphical Analysis of Multiple Choice Test and Questionnaire Data},
  Author                   = {J. O. Ramsay},
  Organization             = {McGill University},
  Year                     = {2000}
}

@Article{ltm,
  Title                    = {ltm: An R package for Latent Variable Modelling and Item Response Theory Analyses},
  Author                   = {Dimitris Rizopoulos},
  Journal                  = {Journal of Statistical Software},
  Year                     = {2006},
  Number                   = {5},
  Pages                    = {1--25},
  Volume                   = {17},

  Bdsk-url-1               = {http://www.jstatsoft.org/v17/i05/},
  Url                      = {http://www.jstatsoft.org/v17/i05/}
}

@Article{rubin1984bayesianly,
  Title                    = {Bayesianly justifiable and relevant frequency calculations for the applied statistician},
  Author                   = {Rubin, Donald B},
  Journal                  = {The Annals of Statistics},
  Year                     = {1984},
  Number                   = {4},
  Pages                    = {1151--1172},
  Volume                   = {12},

  Publisher                = {Institute of Mathematical Statistics}
}

@article{glas1988,
  title={The Rasch model and multistage testing},
  author={Glas, CAW},
  journal={Journal of Educational Statistics},
  volume={13},
  number={1},
  pages={45--52},
  year={1988},
  publisher={Sage Publications Sage CA: Los Angeles, CA}
}

@Article{EggenVerhelst11,
  Title                    = {Item calibration in incomplete designs},
  Author                   = {T.J.H.M. Eggen and N. D. Verhelst},
  Journal                  = {Psicologica},
  Year                     = {2011},
  Pages                    = {107-132},
  Volume                   = {32}
}

@PhdThesis{VanData,
  Title                    = {Formal methods for contextualized personality psychology},
  Author                   = {K. Vansteelandt},
  School                   = {K. U. Leuven},
  Year                     = {2000},

  Date-added               = {2017-02-07 18:00:55 +0000},
  Date-modified            = {2017-02-07 18:02:35 +0000}
}

@Article{VerhelstPA,
  Title                    = {Profile Analysis: A Closer Look at the {PISA} 2000 Reading Data},
  Author                   = {Norman D. Verhelst},
  Journal                  = {Scandinavian Journal of Educational Research},
  Year                     = {2012},
  Number                   = {3},
  Pages                    = {315-332},
  Volume                   = {56},

  Bdsk-url-1               = {http://dx.doi.org/10.1080/00313831.2011.583937},
  Date-added               = {2017-02-07 11:28:58 +0000},
  Date-modified            = {2017-02-07 11:29:35 +0000},
  Doi                      = {10.1080/00313831.2011.583937},
  Eprint                   = {http://dx.doi.org/10.1080/00313831.2011.583937},
  Url                      = {http://dx.doi.org/10.1080/00313831.2011.583937}
}

@Article{Warm,
  Title                    = {Weighted Likelihood Estimation of Ability in Item Response Theory},
  Author                   = {Thomas A. Warm},
  Journal                  = {Psychometrika},
  Year                     = {1989},

  Month                    = {September},
  Number                   = {3},
  Pages                    = {427--450},
  Volume                   = {54}
}

@Article{Yen84,
  Title                    = {Obtaining Maximum Likelihood Trait Estimates from Number-Correct Scores for the Three-Parameter Logistic Model},
  Author                   = {Wendy M. Yen},
  Journal                  = {Journal of Educational Measurement},
  Year                     = {1984},
  Number                   = {2},
  Pages                    = {93--111},
  Volume                   = {21}
}

@Article{Yildirim14,
  Title                    = {Profile analysis as a generalized differential items functioning analysis method},
  Author                   = {H{\"u}seyin H. Yildirim and Selma Yildirim and Norman Verhelst},
  Journal                  = {Education and Science},
  Year                     = {2014},
  Pages                    = {49-64},
  Volume                   = {39},

  Owner                    = {timo},
  Timestamp                = {2017.02.06}
}

@Manual{BILOG-MG,
  Title                    = {{BILOG}--{MG}. Multiple-Group {IRT} Analysis and Test Maintenance for Binary Items},

  Address                  = {Chicago, IL},
  Author                   = {Michele F. Zimowski and Eiji Muraki and Robert J. Mislevy and R. Darrell Bock},
  Organization             = {SSI Scientific Software International},
  Year                     = {1996},

  Publisher                = {SSI Scientific Software International}
}

@Book{boeck,
  Title                    = {Explanatory Item Response Models},
  Editor                   = {Paul De Boeck, Mark Wilson},
  Publisher                = {Springer},
  Year                     = {2004},

  Date-added               = {2017-02-07 16:51:03 +0000},
  Date-modified            = {2017-02-07 16:52:05 +0000},
  Format-detection         = {telephone=no},
  Google-site-verification = {qSc6Ii7lr8i29WVTfNGt1MEq9I7QLMgdQvny71FH4IQ},
  Msapplication-tilecolor  = {#FFFFFF},
  Msapplication-tileimage  = {/static/201607251336-92/sites/link/images/ms-tileimage.png},
  Viewport                 = {width=device-width, minimum-scale=1, maximum-scale=1}
}

@Article{ZwitserMaris2015,
  Title                    = {Conditional Statistical Inference with Multistage Testing Designs},
  Author                   = {Robert J. Zwitser and Gunter Maris},
  Journal                  = {Psychometrika},
  Year                     = {2015},
  Number                   = {1},
  Pages                    = {65--84},
  Volume                   = {80},
  Url                      = {https://doi.org/10.1007/s11336-013-9369-6}
}

@Manual{dexter,
    title = {dexter: Data Management and Analysis of Tests},
    author = {Gunter Maris and Timo Bechger and Jesse Koops and Ivailo Partchev},
    year = {2018},
    note = {R package version 0.8.0},
    url = {https://CRAN.R-project.org/package=dexter},
  }