@misc{Bean2018-report,
  title={The Utah Snow Load Study},
  author={Bean, Brennan and Maguire, Marc and Sun, Yan},
  year={2018},
  publisher={Utah State University, Department of Civil and Environmental Engineering},
  url = {https://digitalcommons.usu.edu/cgi/viewcontent.cgi?article=4591&context=cee_facpub}
}

@misc{Bean2019-int,
title = {Interval-Valued Kriging Models for Geostatistical Mapping with Uncertain Inputs},
author = {Bean, Brennan and Sun, Yan and Maguire, Marc},
year = {2019},
note = {(publication pending)}
}

@misc{Bean2019-int2,
title = {Supplement to ``Interval-Valued Kriging Models for Geostatistical Mapping with Uncertain Inputs''},
author = {Bean, Brennan and Sun, Yan and Maguire, Marc},
year = {2019},
note = {(publication pending)}
}

@book{Bivand2008,
  title={Applied spatial data analysis with R},
 edition = {2},
  author={Bivand, Roger S and Pebesma, Edzer J and Gomez-Rubio, Virgilio and Pebesma, Edzer Jan},
  volume={747248717},
  year={2013},
  publisher={Springer}
}

% Climate Data Documentation
@misc{COOP,
  author = {{NOAA}},
  year = {2019},
  title = {{GHCN} Daily Documentation},
  url = {http://www1.ncdc.noaa.gov/pub/data/cdo/documentation/
_documentation.pdf},
  note = {Accessed: 2019-05-06}
}

@Manual{devtools2019,
    title = {devtools: Tools to Make Developing R Packages Easier},
    author = {Hadley Wickham and Jim Hester and Winston Chang},
    year = {2019},
    note = {R package version 2.0.1.9000},
    url = {https://github.com/r-lib/devtools}
  }

  % TWO references for the gstat package.
  @Article{gstat1,
    title = {Multivariable geostatistics in {S}: the gstat package},
    author = {Edzer J. Pebesma},
    journal = {Computers \& Geosciences},
    year = {2004},
    volume = {30},
    pages = {683-691}
  }

  @Article{gstat2,
    title = {Spatio-Temporal Interpolation using gstat},
    author = {Benedikt Gr√§ler and Edzer Pebesma and Gerard Heuvelink},
    year = {2016},
    journal = {The R Journal},
    volume = {8},
    issue = {1},
    pages = {204-218},
    url = {https://journal.r-project.org/archive/2016-1/na-pebesma-heuvelink.pdf}
  }

    @Article{rcpp-a,
    title = {RcppArmadillo: Accelerating R with high-performance C++ linear algebra},
    author = {Dirk Eddelbuettel and Conrad Sanderson},
    journal = {Computational	Statistics and Data Analysis},
    year = {2014},
    volume = {71},
    month = {March},
    pages = {1054--1063},
    url = {http://dx.doi.org/10.1016/j.csda.2013.02.005}
  }


@Article{rcpp,
  title = {{Rcpp}: Seamless {R} and {C++} Integration},
  author = {Dirk Eddelbuettel and Romain Fran\c{c}ois},
  journal = {Journal of Statistical Software},
  year = {2011},
  volume = {40},
  number = {8},
  pages = {1--18},
  url = {http://www.jstatsoft.org/v40/i08/},
  doi = {10.18637/jss.v040.i08}
}

@Book{rcpp2,
  title = {Seamless {R} and {C++} Integration with {Rcpp}},
  author = {Dirk Eddelbuettel},
  publisher = {Springer},
  address = {New York},
  year = {2013},
  note = {ISBN 978-1-4614-6867-7},
  doi = {10.1007/978-1-4614-6868-4}
}

@Article{rcpp3,
  title = {{Extending extit{R} with extit{C++}: A Brief Introduction to 	extit{Rcpp}}},
  author = {Dirk Eddelbuettel and James Joseph Balamuta},
  journal = {PeerJ Preprints},
  year = {2017},
  month = {aug},
  volume = {5},
  pages = {e3188v1},
  issn = {2167-9843},
  url = {https://doi.org/10.7287/peerj.preprints.3188v1},
  doi = {10.7287/peerj.preprints.3188v1}
}

@article{Goovaerts2000,
  title={Geostatistical approaches for incorporating elevation into the spatial interpolation of rainfall},
  author={Goovaerts, Pierre},
  journal={Journal of hydrology},
  volume={228},
  number={1},
  pages={113--129},
  year={2000},
  publisher={Elsevier}
}

@book{Goovaerts1997,
  title={Geostatistics for natural resources evaluation},
  author={Goovaerts, Pierre},
  year={1997},
  publisher={Oxford University Press}
}

@misc{Ohio2019,
author = {{Ohio River Basin Consortium}},
year = {2019},
url  = {https://www.ohio.edu/orbcre/basin/index.html},
note = {Accessed: 5-28-2019}
}

  @Article{ggmap,
    author = {David Kahle and Hadley Wickham},
    title = {ggmap: Spatial Visualization with ggplot2},
    journal = {The R Journal},
    year = {2013},
    volume = {5},
    number = {1},
    pages = {144--161},
    url = {https://journal.r-project.org/archive/2013-1/kahle-wickham.pdf}
  }


@misc{ghcn2012,
author = {Menne, M.J. and Durre, I. and Korzeniewski, B. and Vose, R.S. and Gleason, B.E. and Houston, T.G.},
year = {2012},
title = {Global Historical Climatology Network - Daily (GHCN-Daily), Version 3.26},
publisher = {{NOAA} National Climatic Data Center},
url = {http://doi.org/10.7289/V5D21VHZ},
note = {Accessed: 5-15-2019}
}

@incollection{Loquin2010,
  title={Kriging and epistemic uncertainty: a critical discussion},
  author={Loquin, Kevin and Dubois, Didier},
  booktitle={Methods for Handling Imperfect Spatial Information},
  pages={269--305},
  year={2010},
  publisher={Springer}
}


@article{DeGaetano2007,
author = {DeGaetano, Arthur T. and Belcher, Brian N.},
title = {Spatial Interpolation of Daily Maximum and Minimum Air Temperature Based on Meteorological Model Analyses and Independent Observations},
journal = {Journal of Applied Meteorology and Climatology},
volume = {46},
number = {11},
pages = {1981-1992},
year = {2007},
doi = {10.1175/2007JAMC1536.1},
URL = {https://doi.org/10.1175/2007JAMC1536.1},
eprint = {https://doi.org/10.1175/2007JAMC1536.1},
}




