@Article{  knowles+siegmund+zhang:1991,
  author	= {M. Knowles and D. Siegmund and H. P. Zhang},
  title		= {Confidence regions in semilinear regression},
  journal	= {Biometrika},
  year		= {1991},
  volume	= {78},
  number	= {1},
  pages		= {15--31},
}


@InCollection{  siegmund+zhang:1994,
  author  = {D. Siegmund and H. P. Zhang},
  title = {Confidence Regions in Broken Line Regression},
  booktitle = {Change-point Problems},
  pages = {292--316},
  publisher = {Institute of Mathematical Statistics},
  year = {1994},
  editor = {E. Carlstein and H. Muller and D. Siegmund},
  volume = {23},
  series = {IMS Lecture Notes},
  type = {Monograph},
  address = {Hayward, CA},
}


@Book{ kalbfleisch:1985,
  author = {J. G. Kalbfleisch},
  title = {Probability and Statistical Inference},
  publisher = {Springer},
  year = {1985},
  volume = {2},
  address = {New York},
  edition = {2nd},
}


@Article{  knowles+siegmund:1989,
  author	= {M. Knowles and D. Siegmund},
  title		= {On \textsc{H}otelling${}'$s approach to testing for a nonlinear parameter in regression},
  journal	= {International Statistical Review},
  year		= {1989},
  volume	= {57},
  number	= {3},
  pages		= {205--220},
}


@Book{ draper+smith:1998,
  author = {N. R. Draper and H. Smith},
  title = {Applied Regression Analysis},
  publisher = {Wiley},
  year = {1998},
  address = {New York},
  edition = {3rd},
}


@Book{ cox+hinkley:1974,
  author = {D. R. Cox and D. V. Hinkley},
  title = {Theoretical Statistics},
  publisher = {Chapman and Hall},
  year = {1974},
  address = {London},
}


@Book{ cox+snell:1989,
  author = {D. R. Cox and E. J. Snell},
  title = {Analysis of Binary Data},
  edition = {2nd},
  publisher = {Chapman and Hall},
  year = {1989},
  address = {London},
}


@TechReport{  tirf:1998-2007,
  author = {TIRF},
  title = {Road Safety Monitor: Drinking and Driving},
  year = {1998--2007},
  institution = {Traffic Injury Research Foundation},
  address = {Ottawa, Ontario},
  URL = {www.tirf.ca},
}


@TechReport{  camh:2003,
  author = {CAMH},
  title = {Monthly Variation in Self-Reports of Drinking and Driving in \textsc{O}ntario},
  year = {2003},
  institution = {Centre for Addiction and Mental Health},
  type = {CAMH Population Studies eBulletin},
  number = {no.21},
  address = {Toronto},
  URL = {www.camh.net/pdf/eb021\underline{ }ddmonthly.pdf},
}


@Article{  liu+wu+zidek:1997,
  author	= {Jian Liu and Shiying Wu and James V. Zidek},
  title		= {On segmented multivariate regression},
  journal	= {Statistica Sinica},
  year		= {1997},
  volume	= {7},
  pages		= {497--525},
}


@Book{ hoffman+kunze:1971,
  author = {K. Hoffman and R. Kunze},
  title = {Linear Algebra},
  publisher = {Prentice Hall},
  year = {1971},
  address = {Englewood Cliffs, NJ},
  edition = {2nd},
}


@Book{ lehmann:2005,
  author = {E. L. Lehmann and J. P. Romano},
  title = {Testing Statistical Hypotheses},
  publisher = {Springer},
  year = {2005},
  address = {New York},
  edition = {3rd},
}

