% This file was created with JabRef 2.10.
% Encoding: Cp1252


@Article{heck_model_2014,
	title = {Model selection by minimum description length: Lower-bound sample sizes for the Fisher information approximation},
	volume = {60},
	issn = {0022-2496},
	shorttitle = {Model selection by minimum description length},
	doi = {10.1016/j.jmp.2014.06.002},
	journal = {Journal of Mathematical Psychology},
	author = {Heck, Daniel W. and Moshagen, Morten and Erdfelder, Edgar},
	year = {2014},
	keywords = {Fisher information approximation, Minimum description length, Model selection, Normalized maximum likelihood},
	pages = {29--34}
}

@Article{navarro_note_2004,
	title = {A Note on the Applied Use of {MDL} Approximations},
	volume = {16},
	issn = {0899-7667},
	doi = {10.1162/0899766041336378},
	number = {9},
	journal = {Neural Computation},
	author = {Navarro, Daniel J.},
	year = {2004},
	pages = {1763--1768}
}

@Article{akaike_new_1974,
  Title                    = {A new look at the statistical model identification},
  Author                   = {Akaike, H.},
  Journal                  = {{IEEE} Transactions on Automatic Control},
  Year                     = {1974},
  Pages                    = {716--723},
  Volume                   = {19},

  Doi                      = {10.1109/TAC.1974.1100705}
}

@Article{baldi_bounds_2003,
  Title                    = {Bounds on variances of estimators for multinomial processing tree models},
  Author                   = {Baldi, Pierre and Batchelder, William H.},
  Journal                  = {Journal of Mathematical Psychology},
  Year                     = {2003},
  Pages                    = {467--470},
  Volume                   = {47},

  Doi                      = {10.1016/S0022-2496(03)00036-1},
  Keywords                 = {Estimator variances, Multinomial processing tree models, Parametric order constraints, Reparameterization},
  Shorttitle               = {baldi2003}
}

@Article{bamber_how_1985,
  Title                    = {How many parameters can a model have and still be testable?},
  Author                   = {Bamber, Donald and van Santen, Jan {P.H.}},
  Journal                  = {Journal of Mathematical Psychology},
  Year                     = {1985},
  Number                   = {4},
  Pages                    = {443--473},
  Volume                   = {29},

  Doi                      = {10.1016/0022-2496(85)90005-7}
}

@Article{batchelder_theoretical_1999,
  Title                    = {Theoretical and empirical review of multinomial process tree modeling},
  Author                   = {Batchelder, William H. and Riefer, David M.},
  Journal                  = {Psychonomic Bulletin \& Review},
  Year                     = {1999},
  Pages                    = {57--86},
  Volume                   = {6},

  Doi                      = {10.3758/BF03210812},
  Shorttitle               = {batch1999rev}
}

@Article{Bates_eigen_2013,
  Title                    = {Fast and Elegant Numerical Linear Algebra Using the RcppEigen Package},
  Author                   = {Douglas Bates and Dirk Eddelbuettel},
  Journal                  = {Journal of Statistical Software},
  Year                     = {2013},

  Month                    = {2},
  Number                   = {5},
  Pages                    = {1--24},
  Volume                   = {52},

  Accepted                 = {2012-09-26},
  Bibdate                  = {2012-09-26},
  Coden                    = {JSSOBK},
  Day                      = {7},
  Submitted                = {2011-11-14}
}

@Book{becker_new_1988,
  Title                    = {The new {S} language: {A} programming environment for data analysis and graphics},
  Author                   = {Becker, Richard A. and Chambers, John M. and Wilks, Allan Reeve},
  Publisher                = {Wadsworth \& {Brooks/Cole} Advanced Books \& Software},
  Year                     = {1988},

  Address                  = {Pacific Grove, Calif.},

  Shorttitle               = {The new S language}
}

@Book{bishop_discrete_1975,
  Title                    = {Discrete multivariate analysis : theory and practice},
  Author                   = {Bishop, Yvonne M. M and Fienberg, Stephen E and Holland, Paul W},
  Publisher                = {{MIT} Press},
  Year                     = {1975},

  Address                  = {Cambridge, Mass.},

  Shorttitle               = {Discrete multivariate analysis}
}

@Article{broeder_recognition_2009,
  Title                    = {Recognition {ROCs} are curvilinear-or are they? {On} premature arguments against the two-high-threshold model of recognition.},
  Author                   = {Br\"oder, Arndt and Sch\"utz, J.},
  Journal                  = {Journal of Experimental Psychology: Learning, Memory, and Cognition},
  Year                     = {2009},
  Pages                    = {587},
  Volume                   = {35},

  Doi                      = {10.1037/a0015279},
  Keywords                 = {{MPT}},
  Shorttitle               = {Recognition {ROCs} are curvilinear-or are they?}
}

@Article{byrd_limited_1995,
  Title                    = {A limited memory algorithm for bound constrained optimization},
  Author                   = {Byrd, Richard H. and Lu, Peihuang and Nocedal, Jorge and Zhu, Ciyou},
  Journal                  = {{SIAM} J. Sci. Comput.},
  Year                     = {1995},
  Number                   = {5},
  Pages                    = {1190--1208},
  Volume                   = {16},

  Doi                      = {10.1137/0916069},
  Keywords                 = {bound constrained optimization, large-scale optimization, limited memory method, nonlinear optimization, {quasi-Newton} method}
}

@Article{davis-stober_analysis_2009,
  Title                    = {Analysis of multinomial models under inequality constraints: {A}pplications to measurement theory},
  Author                   = {Davis-Stober, Clintin P.},
  Journal                  = {Journal of Mathematical Psychology},
  Year                     = {2009},
  Pages                    = {1--13},
  Volume                   = {53},

  Doi                      = {10.1016/j.jmp.2008.08.003},
  Keywords                 = {Axiomatic measurement theory, Constrained likelihood ratio tests, Convex polytopes, Multinomial models},
  Shorttitle               = {Analysis of multinomial models under inequality constraints}
}

@Book{efron_introduction_1994,
  Title                    = {An introduction to the bootstrap},
  Author                   = {Efron, Bradley and Tibshirani, Robert},
  Publisher                = {Chapman \& Hall},
  Year                     = {1994},

  Address                  = {New York}
}

@Article{erdfelder_multinomial_2009,
  Title                    = {Multinomial Processing Tree Models},
  Author                   = {Erdfelder, Edgar and Auer, {Tina-Sarah} and Hilbig, Benjamin E. and Assfalg, Andr\'{e} and Moshagen, Morten and Nadarevic, Lena},
  Journal                  = {Zeitschrift fur Psychologie / Journal of Psychology},
  Year                     = {2009},
  Pages                    = {108--124},
  Volume                   = {217},

  Doi                      = {10.1027/0044-3409.217.3.108}
}

@Article{garcia-perez_parameter_1994,
  Title                    = {Parameter estimation and goodness-of-fit testing in multinomial models},
  Author                   = {Garc\'{i}a-P\'{e}rez, Miguel A.},
  Journal                  = {British Journal of Mathematical and Statistical Psychology},
  Year                     = {1994},
  Pages                    = {247--282},
  Volume                   = {47},

  Copyright                = {1994 The British Psychological Society},
  Doi                      = {10.1111/j.2044-8317.1994.tb01037.x}
}

@Book{gruenwald_minimum_2007,
  Title                    = {The minimum description length principle},
  Author                   = {Gr\"unwald, Peter D},
  Publisher                = {{MIT} Press},
  Year                     = {2007},

  Address                  = {Cambridge, Mass.},

}

@Book{green_signal_1966,
  Title                    = {Signal detection theory and psychophysics},
  Author                   = {Green, David Marvin and Swets, John A},
  Publisher                = {Wiley},
  Year                     = {1966},

  Address                  = {New York}
}

@Article{hu_statistical_1994,
  Title                    = {The statistical analysis of general processing tree models with the {EM} algorithm},
  Author                   = {Hu, Xiangen and Batchelder, William H.},
  Journal                  = {Psychometrika},
  Year                     = {1994},
  Pages                    = {21--47},
  Volume                   = {59},

  Doi                      = {10.1007/BF02294263}
}

@Article{hu_gpt.exe:_1999,
  Title                    = {{GPT.EXE:} A powerful tool for the visualization and analysis of general processing tree models},
  Author                   = {Hu, Xiangen and Phillips, Glenn A.},
  Journal                  = {Behavior Research Methods, Instruments, \& Computers},
  Year                     = {1999},
  Pages                    = {220--234},
  Volume                   = {31},

  Doi                      = {10.3758/BF03207714},
  Shorttitle               = {{GPT.EXE}}
}

@Book{kaufman_port_2003,
  Title                    = {The {PORT} Library - Optimization},
  Author                   = {Kaufman, Linda and Gay, David},
  Publisher                = {{AT\&T} Bell Laboratories},
  Year                     = {2003},

  Address                  = {Murray Hill, {NJ}},

  Url                      = {http://www.bell-labs.com/project/PORT/}
}

@Article{kellen_evaluating_2011,
  Title                    = {Evaluating models of recognition memory using first- and second-choice responses},
  Author                   = {Kellen, David and Klauer, Karl Christoph},
  Journal                  = {Journal of Mathematical Psychology},
  Year                     = {2011},
  Pages                    = {251--266},
  Volume                   = {55},

  Doi                      = {10.1016/j.jmp.2010.11.004}
}

@Article{kellen_measurement_2012,
  Title                    = {On the Measurement of Criterion Noise in Signal Detection Theory: {T}he Case of Recognition Memory.},
  Author                   = {Kellen, David and Klauer, Karl Christoph and Singmann, Henrik},
  Journal                  = {Psychological Review},
  Year                     = {2012},
  Pages                    = {457--479},
  Volume                   = {119},

  Doi                      = {10.1037/a0027727},
  Shorttitle               = {On the Measurement of Criterion Noise in Signal Detection Theory}
}

@Article{klauer_flexibility_2011,
  Title                    = {The flexibility of models of recognition memory: An analysis by the minimum-description length principle},
  Author                   = {Klauer, Karl Christoph and Kellen, David},
  Journal                  = {Journal of Mathematical Psychology},
  Year                     = {2011},
  Number                   = {6},
  Pages                    = {430--450},
  Volume                   = {55},

  Doi                      = {10.1016/j.jmp.2011.09.002},
  Keywords                 = {Fisher information approximation, Minimum description length, Normalized maximum likelihood, Recognition memory, Signal detection theory},
  Shorttitle               = {The flexibility of models of recognition memory},
  Urldate                  = {2012-10-09}
}

@Article{knapp_representing_2004,
  Title                    = {Representing parametric order constraints in multi-trial applications of multinomial processing tree models},
  Author                   = {Knapp, Bethany R. and Batchelder, William H.},
  Journal                  = {Journal of Mathematical Psychology},
  Year                     = {2004},
  Pages                    = {215--229},
  Volume                   = {48},

  Doi                      = {10.1016/j.jmp.2004.03.002},
  Shorttitle               = {knapp2004}
}

@Article{knaus_easier_2009,
  Title                    = {Easier Parallel Computing in {R} with snowfall and {sfCluster}},
  Author                   = {Knaus, Jochen and Porzelius, Christine and Binder, Harald and Schwarzer, Guido},
  Journal                  = {The R Journal},
  Year                     = {2009},
  Pages                    = {54--59},
  Volume                   = {1}
}

@Book{macmillan_detection_2005,
  Title                    = {Detection theory: {A} user's guide},
  Author                   = {Macmillan, Neil A and Creelman, C. Douglas},
  Publisher                = {Lawrence Erlbaum associates},
  Year                     = {2005},

  Address                  = {New York},

  Shorttitle               = {Detection theory}
}

@Article{moshagen_multitree:_2010,
  Title                    = {{multiTree:} {A} computer program for the analysis of multinomial processing tree models},
  Author                   = {Moshagen, Morten},
  Journal                  = {Behavior Research Methods},
  Year                     = {2010},
  Pages                    = {42--54},
  Volume                   = {42},

  Doi                      = {10.3758/BRM.42.1.42},
  Shorttitle               = {{multiTree}}
}

@Other{muenchen_popularity_2012,
  Title                    = {The Popularity of Data Analysis Software},
  Author                   = {Muenchen, Robert A.},
  Day                      = {04},
  Entrysubtype             = {Web log message},
  Journal                  = {r4stats.com},
  Month                    = {01},
  Url                      = {http://r4stats.com/popularity},
  Year                     = {2012}
}

@Article{myung_guest_2000,
  Title                    = {{Guest} {Editors'} {Introduction:} {S}pecial Issue on Model Selection},
  Author                   = {Myung, In Jae and Forster, Malcolm R. and Browne, Michael W.},
  Journal                  = {Journal of Mathematical Psychology},
  Year                     = {2000},
  Pages                    = {1--2},
  Volume                   = {44},

  Doi                      = {10.1006/jmps.1999.1273}
}

@Article{oberauer_reasoning_2006,
  Title                    = {Reasoning with conditionals: {A} test of formal models of four theories},
  Author                   = {Oberauer, Klaus},
  Journal                  = {Cognitive Psychology},
  Year                     = {2006},
  Pages                    = {238--283},
  Volume                   = {53},

  Doi                      = {10.1016/j.cogpsych.2006.04.001},
  Keywords                 = {Conditionals, {MPT}, Multinomial models, Reasoning},
  Shorttitle               = {oberauer2006mpt}
}

@Unpublished{purdy_coding_2011,
  Title                    = {Coding graphical models: probabilistic context free languages \& the minimum description length principle},
  Author                   = {Purdy, Brendan P.},
  Year                     = {2011},

  Address                  = {Boston, {MA}},
  HowPublished             = {Paper presented at the 44th Annual Meeting of the Society for Mathematical Psychology},
  Url                      = {http://brendanpatrickpurdy.com/resources/bppmathpsych11.pdf}
}

@Article{purdy_context-free_2009,
  Title                    = {A context-free language for binary multinomial processing tree models},
  Author                   = {Purdy, Brendan P. and Batchelder, William H.},
  Journal                  = {Journal of Mathematical Psychology},
  Year                     = {2009},
  Pages                    = {547--561},
  Volume                   = {53},

  Doi                      = {10.1016/j.jmp.2009.07.009},
  Keywords                 = {Cognitive modeling, Context-free language, Enumeration, Identifiability, Multinomial processing tree models},
  Lccn                     = {purdy-cfl},
  Shorttitle               = {purdy-cfl}
}

@Book{r_development_core_team_r_2012,
  Title                    = {R Data {Import/Export}},
  Author                   = {{R Development Core Team}},
  Publisher                = {R Foundation for Statistical Computing},
  Year                     = {2012},

  Address                  = {Vienna, Austria},
  Note                     = {{ISBN} 3-900051-07-0},
  Number                   = {3-900051-10-0},

  ISBN                     = {3-900051-07-0},
  Url                      = {http://cran.r-project.org/doc/manuals/R-data.html}
}

@Manual{r_development_core_team_r:_2011,
  Title                    = {R: {A} Language and Environment for Statistical Computing},

  Address                  = {Vienna, Austria},
  Author                   = {{R Development Core Team}},
  Note                     = {{ISBN} 3-900051-07-0},
  Year                     = {2012},

  ISBN                     = {3-900051-07-0},
  Publisher                = {R Foundation for Statistical Computing},
  Url                      = {http://www.R-project.org/}
}

@Article{rodiger_rkward:_2012,
  Title                    = {{RKWard:} A Comprehensive Graphical User Interface and Integrated Development Environment for Statistical Analysis with R},
  Author                   = {R\"odiger, Stefan and Friedrichsmeier, Thomas and Kapat, Prasenjit and Michalke, Meik},
  Journal                  = {Journal of Statistical Software},
  Year                     = {2012},
  Number                   = {9},
  Pages                    = {1--34},
  Volume                   = {49}
}

@Book{read_goodness--fit_1988,
  Title                    = {Goodness-of-fit statistics for discrete multivariate data},
  Author                   = {Read, {T.R.C.} and Cressie, {N.A.C.}},
  Publisher                = {Springer},
  Year                     = {1988},

  Address                  = {New York}
}

@InCollection{riefer_statistical_1991,
  Title                    = {Statistical inference for multinomial processing tree models},
  Author                   = {Riefer, D. M. and Batchelder, W. H.},
  Booktitle                = {Mathematical psychology: Current developments},
  Publisher                = {Springer},
  Year                     = {1991},

  Address                  = {Berlin},
  Editor                   = {Doignon, J.-P. and Falmagne, J.-C.},
  Pages                    = {313--335}
}

@Article{riefer_multinomial_1988,
  Title                    = {Multinomial modeling and the measurement of cognitive processes.},
  Author                   = {Riefer, David M. and Batchelder, William H.},
  Journal                  = {Psychological Review},
  Year                     = {1988},
  Pages                    = {318--339},
  Volume                   = {95},

  Doi                      = {10.1037/0033-295X.95.3.318}
}

@Article{roberts_how_2000,
  Title                    = {How persuasive is a good fit? A comment on theory testing.},
  Author                   = {Roberts, Seth and Pashler, Harold},
  Journal                  = {Psychological Review},
  Year                     = {2000},
  Pages                    = {358--367},
  Volume                   = {107},

  Doi                      = {10.1037/0033-295X.107.2.358},
  Shorttitle               = {How persuasive is a good fit?}
}

@InCollection{rouder_multinomial_1998,
  Title                    = {Multinomial models for measuring storage and retrieval processes in paired associate learning},
  Author                   = {Rouder, Jeffrey N. and Batchelder, William H.},
  Publisher                = {Lawrence Erlbaum Associates Publishers},
  Year                     = {1998},

  Address                  = {Mahwah, {NJ}, {US}},
  Editor                   = {C. E. Dowling and F. S. Roberts and P. Theuns},
  Pages                    = {195--225}
}

@Article{schmittmann_parameter_2010,
  Title                    = {Parameter identification in multinomial processing tree models},
  Author                   = {Schmittmann, Verena D. and Dolan, Conor V. and Raijmakers, Maartje E. J. and Batchelder, William H.},
  Journal                  = {Behavior Research Methods},
  Year                     = {2010},
  Pages                    = {836--846},
  Volume                   = {42},

  Doi                      = {10.3758/BRM.42.3.836},
  Shorttitle               = {mpt-ident}
}

@Article{van_de_schoot_testing_2010,
  Title                    = {Testing Inequality Constrained Hypotheses in {SEM} Models},
  Author                   = {van de Schoot, Rens and Hoijtink, Herbert and Dekovic, Maja},
  Journal                  = {Structural Equation Modeling},
  Year                     = {2010},
  Pages                    = {443--463},
  Volume                   = {17},

  Doi                      = {10.1080/10705511.2010.489010}
}

@Article{schwarz_estimating_1978,
  Title                    = {Estimating the dimension of a model},
  Author                   = {Schwarz, G.},
  Journal                  = {The annals of statistics},
  Year                     = {1978},
  Pages                    = {461--464},
  Volume                   = {6},

  Doi                      = {10.1214/aos/1176344136}
}

@Book{silvapulle_constrained_2005,
  Title                    = {Constrained statistical inference: {I}nequality, order, and shape restrictions},
  Author                   = {Silvapulle, Mervyn J and Sen, Pranab Kumar},
  Publisher                = {{Wiley-Interscience}},
  Year                     = {2005},

  Address                  = {Hoboken, {N.J.}},
  Shorttitle               = {Constrained statistical inference}
}

@Article{snodgrass_pragmatics_1988,
  Title                    = {Pragmatics of measuring recognition memory: {A}pplications to dementia and amnesia},
  Author                   = {Snodgrass, Joan G. and Corwin, June},
  Journal                  = {Journal of Experimental Psychology: General},
  Year                     = {1988},
  Number                   = {1},
  Pages                    = {34--50},
  Volume                   = {117},

  Doi                      = {10.1037/0096-3445.117.1.34},
  Shorttitle               = {Pragmatics of measuring recognition memory}
}

@Article{stahl_simplified_2008,
  Title                    = {A simplified conjoint recognition paradigm for the measurement of gist and verbatim memory},
  Author                   = {Stahl, Christoph and Klauer, Karl Christoph},
  Journal                  = {Journal of Experimental Psychology: Learning, Memory, and Cognition},
  Year                     = {2008},
  Pages                    = {570--586},
  Volume                   = {34},

  Doi                      = {10.1037/0278-7393.34.3.570},
  Keywords                 = {conjoint recognition, gist memory, Guessing, memory, Metacognition, metacognitive guessing strategies, multinomial modeling, Recognition {(Learning)}, Simulation, Source Monitoring, Strategies, verbatim memory}
}

@Article{stahl_hmmtree:_2007,
  Title                    = {{HMMTree:} a computer program for latent-class hierarchical multinomial processing tree models.},
  Author                   = {Stahl, Christoph and Klauer, Karl Christoph},
  Journal                  = {Behavior Research Methods},
  Year                     = {2007},
  Pages                    = {267--73},
  Volume                   = {39},

  Doi                      = {10.3758/BF03193157},
  Shorttitle               = {{HMMTree}}
}

@InCollection{gruenwald_minimum_2005,
  Title                    = {Minimum Description Length and Cognitive Modeling},
  Author                   = {Su, Yong and Myung, In Jae and Pitt, Mark A.},
  Booktitle                = {Advances in minimum description length : theory and applications},
  Publisher                = {{MIT} Press},
  Year                     = {2005},

  Address                  = {Cambridge, Mass.},
  Editor                   = {Gr\"unwald, Peter D and Myung, In Jae and Pitt, Mark A},
  Pages                    = {411--433}
}

@Article{valero-mora_graphical_2012,
  Title                    = {Graphical User Interfaces for {R}},
  Author                   = {Valero-Mora, Pedro M. and Ledesma, Ruben},
  Journal                  = {Journal of Statistical Software},
  Year                     = {2012},
  Pages                    = {1--8},
  Volume                   = {49}
}

@Article{vance_data_2009,
  Title                    = {Data Analysts Captivated by {R}'s Power},
  Author                   = {Vance, Ashlee},
  Journal                  = {The New York Times},
  Year                     = {2009},

  Month                    = {01},

  Chapter                  = {Technology / Business Computing},
  Day                      = {07},
  Entrysubtype             = {newspaper},
  Keywords                 = {Computers and the Internet, Data Mining, Enterprise Computing, Programming Languages, Software, Statistics},
  Url                      = {http://www.nytimes.com/2009/01/07/technology/business-computing/07program.html}
}

@Article{wagenmakers_aic_2004,
  Title                    = {{AIC} model selection using Akaike weights},
  Author                   = {Wagenmakers, {Eric-Jan} and Farrell, Simon},
  Journal                  = {Psychonomic Bulletin \& Review},
  Year                     = {2004},
  Number                   = {1},
  Pages                    = {192--196},
  Volume                   = {11},

  Doi                      = {10.3758/BF03206482}
}

@Article{wagenmakers_assessing_2004,
  Title                    = {Assessing model mimicry using the parametric bootstrap},
  Author                   = {Wagenmakers, {Eric-Jan} and Ratcliff, Roger and Gomez, Pablo and Iverson, Geoffrey J.},
  Journal                  = {Journal of Mathematical Psychology},
  Year                     = {2004},

  Month                    = feb,
  Number                   = {1},
  Pages                    = {28--50},
  Volume                   = {48},

  Doi                      = {10.1016/j.jmp.2003.11.004}
}

@Article{wagenmakers_editors_2006,
  Title                    = {{Guest} {Editors'} {Introduction:} {S}pecial Issue on Model Selection},
  Author                   = {Wagenmakers, {Eric-Jan} and Waldorp, Lourens},
  Journal                  = {Journal of Mathematical Psychology},
  Year                     = {2006},
  Pages                    = {99--100},
  Volume                   = {50},

  Doi                      = {10.1016/j.jmp.2005.01.005}
}

@Article{wu_minimum_2010,
  Title                    = {On the minimum description length complexity of multinomial processing tree models},
  Author                   = {Wu, Hao and Myung, Jay I. and Batchelder, William H.},
  Journal                  = {Journal of Mathematical Psychology},
  Year                     = {2010},
  Pages                    = {291--303},
  Volume                   = {54},

  Doi                      = {10.1016/j.jmp.2010.02.001},
  Keywords                 = {Minimum description length, Model complexity, Multinomial processing tree models},
  Shorttitle               = {wu2010jmp}
}

@Article{wu_minimum_2010-1,
  Title                    = {Minimum description length model selection of multinomial processing tree models},
  Author                   = {Wu, Hao and Myung, Jay I. and Batchelder, William H.},
  Journal                  = {Psychonomic Bulletin \& Review},
  Year                     = {2010},
  Pages                    = {275--286},
  Volume                   = {17},

  Doi                      = {10.3758/PBR.17.3.275},
  Shorttitle               = {wu2010pbr}
}

@Article{zucchini_introduction_2000,
  Title                    = {An Introduction to Model Selection},
  Author                   = {Zucchini, Walter},
  Journal                  = {Journal of Mathematical Psychology},
  Year                     = {2000},
  Pages                    = {41--61},
  Volume                   = {44},

  Doi                      = {10.1006/jmps.1999.1276}
}

