@article{granger1980,
  title = {Testing for Causality},
  volume = {2},
  issn = {0165-1889},
  doi = {10.1016/0165-1889(80)90069-X},
  journal = {Journal of Economic Dynamics and Control},
  author = {Granger, C. W. J.},
  month = jan,
  year = {1980},
  pages = {329--352}
}
@misc{elliott1992efficient,
  title={Efficient tests for an autoregressive unit root},
  author={Elliott, Graham and Rothenberg, Thomas J and Stock, James H},
  year={1992},
  publisher={National Bureau of Economic Research Cambridge, Mass., USA}
}

@article{kraskov2004estimating,
  title = {Estimating mutual information},
  author = {Kraskov, Alexander and Stogbauer, Harald and Grassberger, Peter},
  journal = {Phys. Rev. E},
  volume = {69},
  issue = {6},
  pages = {066138},
  numpages = {16},
  year = {2004},
  month = {Jun},
  publisher = {American Physical Society},
  doi = {10.1103/PhysRevE.69.066138}
}

@article{schreiber2000,
  title = {Measuring {{Information Transfer}}},
  volume = {85},
  doi = {10.1103/PhysRevLett.85.461},
  number = {2},
  journal = {Physical Review Letters},
  author = {Schreiber, Thomas},
  month = jul,
  year = {2000},
  keywords = {transfer entropy},
  pages = {461-464}
}


