@Article{Terza1985,
author="Ierza, Joseph V.",
title="Ordinal probit: A generalization",
journal="Communications in Statistics - Theory and Methods",
year="1985",
month="Jan",
day="01",
publisher="Taylor \& Francis",
volume="14",
number="1",
pages="1-11",
issn="0361-0926",
doi="10.1080/03610928508828893",
url="https://doi.org/10.1080/03610928508828893"
}

@Article{Rebelo2014,
author="Rebelo, Luis Pina
and Pereira, Nuno Sousa",
title="Assessing health endowment, access and choice determinants: Impact on retired Europeans' (in)activity and quality of life.",
journal="Social Indicators Research",
year="2014",
publisher="Springer",
address="Germany",
volume="119",
number="3",
pages="1411-1446",
doi="10.1007/s11205-013-0542-1"
}

@article{Green2014,
author = "Greene, William and Harris, Mark N. and Hollingsworth, Bruce and Weterings, Timothy A.",
title = "Heterogeneity in Ordered Choice Models: A Review with Applications to Self-Assessed Health",
journal = "Journal of Economic Surveys",
volume = "28",
number = "1",
pages = "109-133",
doi = "10.1111/joes.12002",
year = "2014"
}

@BOOK{GreeneHensher2010,
title = "Modeling Ordered Choices",
author = "Greene, William and Hensher, David",
year = "2010",
publisher = "Cambridge University Press"
}

@article{McKelvey1975,
title="A Statistical Model for the Analysis of Ordinal Level Dependent Variables",
volume="4",
number="1",
journal="Journal of Mathematical Sociology",
author="McKelvey, R. D. and Zavoina, W.",
year="1975",
pages="103–120"
}

@article{King2004,
title="Enhancing the Validity and Cross-Cultural Comparability of Measurement in Survey Research",
volume="98",
DOI="10.1017/S000305540400108X",
number="1",
journal="American Political Science Review",
publisher="Cambridge University Press",
author="King, Gary and Murray, Christopher J. L. and Salomon, Joshua A. and Tandon, Ajay",
year="2004",
pages="191–207"
}

@article{Jurges2007,
author = {Jurges, Hendrik},
title = "True health vs response styles: exploring cross-country differences in self-reported health",
journal = "Health Economics",
volume = "16",
number = "2",
pages = "163-178",
doi = "10.1002/hec.1134",
year = "2007"
}

@Article{Boes2006,
author="Boes, Stefan
and Winkelmann, Rainer",
title="Ordered response models",
journal="Allgemeines Statistisches Archiv",
year="2006",
month="Mar",
day="01",
volume="90",
number="1",
pages="167--181",
issn="1614-0176",
doi="10.1007/s10182-006-0228-y",
}

@Article{Liao2005,
author="Liao, Pei-Shan
and Fu, Yang-Chih
and Yi, Chin-Chun",
title="Perceived quality of life in Taiwan and Hong Kong: an intra-culture comparison",
journal="Journal of Happiness Studies",
year="2005",
month="Mar",
day="01",
volume="6",
number="1",
pages="43--67",
issn="1573-7780",
doi="10.1007/s10902-004-1753-6",
}

@article{Borsch2013,
author = {Borsch-Supan, Axel and Brandt, Martina and Hunkler, Christian and Kneip, Thorsten and Korbmacher, Julie and Malter, Frederic and  Schaan, Barbara and Stuck, Stephanie and Zuber, Sabrina},
title = "Data Resource Profile: The Survey of Health, Ageing and Retirement in Europe (SHARE)",
journal = "International Journal of Epidemiology",
volume = "42",
number = "4",
pages = "992-1001",
year = "2013",
doi = "10.1093/ije/dyt088",
}

@article{OKSUZYAN2019,
author = "Anna Oksuzyan and Maciej J. Danko and Jennifer Caputo and Domantas Jasilionis and Vladimir M. Shkolnikov",
title = "Is the story about sensitive women and stoical men true? Gender differences in health after adjustment for reporting behavior",
journal = "Social Science & Medicine",
volume = "228",
pages = "41-50",
year = "2019",
doi = "10.1016/j.socscimed.2019.03.002",
}

@article{JYLHA2009,
author = "Marja Jylha",
title = "What is self-rated health and why does it predict mortality? Towards a unified conceptual model",
journal = "Social Science & Medicine",
volume = "69",
number = "3",
pages = "307-316",
year = "2009",
doi = "10.1016/j.socscimed.2009.05.013",
}


@misc{Rteam2019,
title = "{R}: A language and environment for statistical computing [Internet]. Vienna, Austria. {R} version 3.4.4 (2018-03-15)",
author = "R-Core-Team",
year = "2018",
url = "https://www.r-project.org"
}

@Article{RcppEigen2013,
    title = "Fast and Elegant Numerical Linear Algebra Using the {RcppEigen} Package",
    author = "Douglas Bates and Dirk Eddelbuettel",
    journal = "Journal of Statistical Software",
    year = "2013",
    volume = "52",
    number = "5",
    pages = "1--24",
    url = {http://www.jstatsoft.org/v52/i05/},
}

@Article{Rcpp2017,
    title = "Extending {R} with {C++}: A Brief Introduction to {Rcpp}",
    author = "Dirk Eddelbuettel and James Joseph Balamuta",
    journal = "PeerJ Preprints",
    year = "2017",
    month = "aug",
    volume = "5",
    pages = "e3188v1",
    issn = "2167-9843",
    url = "https://doi.org/10.7287/peerj.preprints.3188v1",
    doi = "10.7287/peerj.preprints.3188v1",
  }

@Article{Rcpp2011,
    title = "{Rcpp}: Seamless {R} and {C++} Integration",
    author = "Dirk Eddelbuettel and Romain Fran\c{c}ois",
    journal = "Journal of Statistical Software",
    year = "2011",
    volume = "40",
    number = "8",
    pages = "1--18",
    url = "http://www.jstatsoft.org/v40/i08/",
    doi = "10.18637/jss.v040.i08",
  }
