@ARTICLE{gertheiss2010,
  author = {Gertheiss, J. and Tutz, G.},
  title = {Sparse modeling of categorial explanatory variables},
  journal = {The Annals of Applied Statistics},
  year = {2010},
  volume = {4},
  number = {4},
  pages = {2150--2180}
}

@ARTICLE{OelkerTutz,
  author = {Oelker, M.-R. and Tutz, G.},
  title = {A uniform framework for the combination of penalties in generalized structured models},
  journal = {Advances in Data Analysis and Classification},
  year = {2017},
  volume = {11},
  number = {1},
  pages = {97-120}
}

@ARTICLE{fista,
  author = {Beck, A. and Teboulle, M.},
  title = {A Fast Iterative Shrinkage-Thresholding Algorithm for Linear Inverse Problems},
  journal = {SIAM Journal on Imaging Sciences},
  year = {2009},
  volume = {2},
  number = {1},
  pages = {183--202}
}

@BOOK{bookhastie,
  author = {Hastie, T. and Tibshirani, R. and Wainwright, M.},
  title = {Statistical Learning with Sparsity: The Lasso and Generalizations},
   publisher = {CRC Press},
  year = {2015}
}

@ARTICLE{SMuRF,
  author = {Devriendt, S. and Antonio, K. and Reynkens, T. and Verbelen, R.},  
  title = {Sparse Regression with Multi-type Regularized Feature Modeling},
  journal = {arXiv:1810.03136},
  year = {2018}
}

@ARTICLE{dss,
  author = {Gneiting, T. and Raftery, A. E.},  
  title = {Strictly Proper Scoring Rules, Prediction, and Estimation},
  journal = {Journal of the American Statistical Association},
  year = {2007},
  volume = {102},
  number = {477},
  pages = {359--378}
}