

@article{doi:10.1080/00401706.2018.1438926,
author = {Lawrence Bardwell and Paul Fearnhead and Idris A. Eckley and Simon Smith and Martin Spott},
title = {Most Recent Changepoint Detection in Panel Data},
journal = {Technometrics},
pages = {1-11},
year  = {2018},
publisher = {Taylor & Francis},
doi = {10.1080/00401706.2018.1438926},
}


@article{2016arXiv160906805B,
   author = {{Bardwell}, L. and {Eckley}, I. and {Fearnhead}, P. and {Smith}, S. and 
	{Spott}, M.},
    title = "{Most recent changepoint detection in Panel data}",
  journal = {ArXiv e-prints},
archivePrefix = "arXiv",
   eprint = {1609.06805},
 primaryClass = "stat.AP",
 keywords = {Statistics - Applications},
     year = 2016,
    month = sep,
   adsurl = {http://adsabs.harvard.edu/abs/2016arXiv160906805B},
  adsnote = {Provided by the SAO/NASA Astrophysics Data System}
}


@article {BIOM:BIOM662,
author = {Zhang, Nancy R. and Siegmund, David O.},
title = {A Modified Bayes Information Criterion with Applications to the Analysis of Comparative Genomic Hybridization Data},
journal = {Biometrics},
volume = {63},
number = {1},
publisher = {Blackwell Publishing Inc},
issn = {1541-0420},
url = {http://dx.doi.org/10.1111/j.1541-0420.2006.00662.x},
doi = {10.1111/j.1541-0420.2006.00662.x},
pages = {22--32},
keywords = {Bayes information criterion, Change-point, Comparative genomic hybridization, Model selection},
year = {2007},
}

@article {OR:TEITZBART,
author = {{Teitz, M. B.} and {Bart P.}},
title = {Heuristic methods for estimating generalized vertex median of a weighted graph},
journal = {Operations Research},
volume = {16},
pages = {995--961},
year = {1968},
}



@article{doi:10.1080/01621459.2012.737745,
author = { R.   Killick  and  P.   Fearnhead  and  I. A.   Eckley },
title = {Optimal Detection of Changepoints With a Linear Computational Cost},
journal = {Journal of the American Statistical Association},
volume = {107},
number = {500},
pages = {1590-1598},
year  = {2012},
publisher = {Taylor & Francis},
doi = {10.1080/01621459.2012.737745}
}



@article{ecp-package,
    title = {{ecp}: An {R} Package for Nonparametric Multiple Change Point Analysis of Multivariate Data},
    author = {Nicholas A. James and David S. Matteson},
    journal = {Journal of Statistical Software},
    year = {2014},
    volume = {62},
    number = {7},
    pages = {1--25},
    url = {http://www.jstatsoft.org/v62/i07/},
  }




