@article{Yu2005,
author = {Yu, Keming and Zhang, Jin},
doi = {10.1080/03610920500199018},
isbn = {0361-0926 1532-415X},
issn = {03610926},
journal = {Communications in Statistics - Theory and Methods},
number = {9-10},
pages = {1867--1879},
title = {{A three-parameter asymmetric laplace distribution and its extension}},
volume = {34},
year = {2005}
}
@article{Chakraborty2015,
author = {Chakraborty, Subrata},
doi = {10.1186/s40488-015-0028-6},
issn = {2195-5832},
journal = {Journal of Statistical Distributions and Applications},
number = {1},
pages = {6},
publisher = {Journal of Statistical Distributions and Applications},
title = {{Generating discrete analogues of continuous probability distributions-A survey of methods and constructions}},
url = {http://www.jsdajournal.com/content/2/1/6},
volume = {2},
year = {2015}
}
@article{Geraci2007,
author = {Geraci, Marco and Bottai, Matteo},
doi = {10.1093/biostatistics/kxj039},
isbn = {1465-4644},
issn = {14654644},
journal = {Biostatistics},
number = {1},
pages = {140--154},
pmid = {16636139},
title = {{Quantile regression for longitudinal data using the asymmetric Laplace distribution}},
volume = {8},
year = {2007}
}
@article{Sangal1970,
author = {Sangal, B.P. and Biswas, Asit K.},
doi = {10.1029/WR006i002p00505},
isbn = {1944-7973},
issn = {00431397},
journal = {Water Resources Research},
number = {2},
pages = {505--515},
title = {{The 3-Parameter Distribution Applications in Hydrology}},
volume = {6},
year = {1970}
}
@article{Matsui2014,
archivePrefix = {arXiv},
arxivId = {arXiv:1301.4804v2},
author = {Matsui, Muneya and Pawlas, Zbynek},
eprint = {arXiv:1301.4804v2},
journal = {Brazilian Journal of Probability and Statistics},
number = {2},
pages = {1--24},
title = {{Fractional Absolute Moments of Heavy Tailed Distributions}},
volume = {30},
year = {2016}
}
@article{Davydenko2013,
author = {Davydenko, Andrey and Fildes, Robert},
doi = {10.1016/j.ijforecast.2012.09.002},
journal = {International Journal of Forecasting},
number = {3},
pages = {510--522},
publisher = {Elsevier B.V.},
title = {{Measuring Forecasting Accuracy: The Case Of Judgmental Adjustments To Sku-Level Demand Forecasts}},
volume = {29},
year = {2013}
}
@article{Svetunkov2017,
author = {Svetunkov, Ivan and Petropoulos, Fotios},
doi = {10.1080/00207543.2017.1380326},
journal = {International Journal of Production Research},
month = {sep},
number = {18},
pages = {6034--6047},
publisher = {Taylor {\&} Francis},
title = {{Old dog, new tricks: a modelling view of simple moving averages}},
volume = {56},
year = {2018}
}
@article{Petropoulos2015,
author = {Petropoulos, Fotios and Kourentzes, Nikolaos},
doi = {10.1057/jors.2014.62},
journal = {Journal of the Operational Research Society},
month = {jun},
number = {6},
pages = {914--924},
publisher = {Nature Publishing Group},
title = {{Forecast combinations for intermittent demand}},
volume = {66},
year = {2015}
}
@article{Tashman2000,
author = {Tashman, Leonard J.},
doi = {10.1016/S0169-2070(00)00065-0},
isbn = {1532-5040},
issn = {01692070},
journal = {International Journal of Forecasting},
number = {4},
pages = {437--450},
pmid = {18432510},
title = {{Out-of-sample tests of forecasting accuracy: An analysis and review}},
volume = {16},
year = {2000}
}
@book{Burnham1998,
author = {Burnham, Kenneth P and Anderson, David R},
doi = {10.1007/b97636},
editor = {Burnham, Kenneth P and Anderson, David R},
isbn = {978-0-387-95364-9},
issn = {03043800},
pages = {515},
pmid = {25246403},
publisher = {Springer New York},
title = {{Model Selection and Multimodel Inference}},
year = {2004}
}
