@article{Almoroxetal2005,
   author = {Almorox, J and Hontoria, C. and Benito, M.},
   title = {Statistical validation of daylength definitions for estimation of global solar radiation in Toledo, Spain},
   journal = {Energy Conversion and Management},
   volume = {46},
   pages = {1465-1471},
   year = {2005},
   type = {Journal Article},
   url = {https://doi.org/10.1016/j.enconman.2004.07.007}
}

@article{Alonsoetal2005,
  title={Determination of endodormancy break in almond flower buds by a correlation model using the average temperature of different day intervals and its application to the estimation of chill and heat requirements and blooming date},
  author={Alonso, JM and Ans{\'o}n, JM and Espiau, MT and others},
  journal={Journal of the American Society for Horticultural Science},
  volume={130},
  number={3},
  pages={308--318},
  year={2005},
  publisher={American Society for Horticultural Science},
  url = {http://journal.ashspublications.org/content/130/3/308.full.pdf+html}
}

@article{Harringtonetal2010,
   author = {Harrington, C. A. and Gould, P. J. and St Clair, J. B.},
   title = {Modeling the effects of winter environment on dormancy release of Douglas-fir},
   journal = {Forest Ecology and Management},
   volume = {259},
   number = {4},
   pages = {798-808},
   ISSN = {0378-1127},
   DOI = {10.1016/j.foreco.2009.06.018},
   url = {https://doi.org/10.1016/j.foreco.2009.06.018},
   year = {2010},
   type = {Journal Article}
}

@article{Spencer1971,
   author = {Spencer, J.W.},
   title = {Fourier series representation of the position of the Sun},
   journal = {Search},
   volume = {2},
   pages = {172},
   year = {1971},
   type = {Journal Article}
}

@article{NCDC,
   author = {National Climatic Data Center,},
   title = {Global Summary of the Day database},
   publisher = {National Oceanic and Atmospheric Administration},
   year = {2017},
   type = {webpage},
   url = {https://www.ncdc.noaa.gov/}
}

@article{Linvill1990,
   author = {Linvill, D.E.},
   title = {Calculating chilling hours and chill units from daily maximum and minimum temperature observations},
   journal = {HortScience},
   volume = {25},
   pages = {14-16},
   year = {1990},
   type = {Journal Article},
   url = {http://hortsci.ashspublications.org/content/25/1/14.full.pdf}
}

  @Manual{chillR,
    title = {chillR: Statistical Methods for Phenology Analysis in Temperate Fruit Trees},
    author = {Eike Luedeling},
    year = {2017},
    note = {R package version 0.69.5},
    url = {https://cran.r-project.org/package=chillR}
  }

@article{Erezetal1989,
  title={The dynamic model for rest completion in peach buds},
  author={Erez, A and Fishman, Svetlana and Linsley-Noakes, GC and Allan, P},
  booktitle={II International Symposium on Computer Modelling in Fruit Research and Orchard Management 276},
  pages={165--174},
  year={1989},
  url= {http://www.actahort.org/books/276/276_18.htm}
}

@article{Luedelingetal2009_AFM,
    title = {Validation of winter chill models using historic records of walnut phenology},
    journal = {Agricultural and Forest Meteorology},
    volume = {149},
    number = {11},
    pages = {1854 - 1864},
    year = {2009},
    issn = {0168-1923},
    doi = {https://doi.org/10.1016/j.agrformet.2009.06.013},
    url = {https://doi.org/10.1016/j.agrformet.2009.06.013},
    author = {Luedeling, E. and Zhang, M. and McGranahan, G. and Leslie, C.},
    keywords = {Dynamic Model, Chill Portions, Chilling Hours, Utah Model, Dormancy, Winter chill}
}

@article{Luedeling2012,
   author = {Luedeling, Eike},
   title = {Climate change impacts on winter chill for temperate fruit and nut production: A review},
   journal = {Scientia Horticulturae},
   volume = {144},
   pages = {218-229},
   year = {2012},
   type = {Journal Article},
    url = {https://doi.org/10.1016/j.scienta.2012.07.011}
}

@article{Luedelingetal2009_EOB,
   author = {Luedeling, E. and Blanke, M. and Gebauer, J.},
   title = {Climate change effects on winter chill for fruit crops in Germany - Auswirkungen des Klimawandels auf die Verfügbarkeit von Kältewirkung (Chilling) für Obstgehölze in Deutschland},
   journal = {Erwerbs-Obstbau},
   volume = {51},
   pages = {81-94},
   year = {2009},
   type = {Journal Article},
    url = {https://doi.org/10.1007/s10341-009-0085-4}
}

@article{Luedelingetal2015_Acta,
   author = {Luedeling, Eike and Blanke, Michael and Gebauer, Jens},
   title = {Chilling challenges in a warming world},
   journal = {Acta Horticulturae (ISHS)},
   volume = {1099},
   pages = {901-907},
   DOI = {10.17660/ActaHortic.2015.1099.115},
   year = {2015},
   type = {Journal Article},
    url = {http://www.actahort.org/books/1099/1099_115.htm}
}

@article{LuedelingBrown2011,
   author = {Luedeling, E. and Brown, P.H.},
   title = {A global analysis of the comparability of winter chill models for fruit and nut trees},
   journal = {International Journal of Biometeorology},
   volume = {55},
   number = {3},
   pages = {411-421},
   year = {2011},
   type = {Journal Article},
    url = {https://doi.org/10.1007/s00484-010-0352-y}
}

@article{LuedelingGassner2012,
  title={Partial least squares regression for analyzing walnut phenology in California},
  author={Luedeling, Eike and Gassner, Anja},
  journal={Agricultural and forest meteorology},
  volume={158},
  pages={43--52},
  year={2012},
  publisher={Elsevier},
  url = {https://doi.org/10.1016/j.agrformet.2011.10.020}
}

@article{Luedelingetal2009_AEE,
   author = {Luedeling, E. and Zhang, M. and Luedeling, V. and Girvetz, E.H.},
   title = {Sensitivity of winter chill models for fruit and nut trees to climate change},
   journal = {Agriculture, Ecosystems & Environment},
   volume = {133},
   pages = {23-31},
   year = {2009},
   type = {Journal Article},
    url = {https://doi.org/10.1016/j.agee.2009.04.016}
}

@article{Benmoussaetal2017_EEB,
   author = {Benmoussa, H. and Luedeling, E. and Ghrab, M. and Ben Yahmed, J. and Ben Mimoun, M.},
   title = {Performance of pistachio (Pistacia vera L.) in warming Mediterranean orchards},
   journal = {Environmental and Experimental Botany},
   volume = {140},
   pages = {76-85},
   url = {https://doi.org/10.1016/j.envexpbot.2017.05.007},
   year = {2017},
   type = {Journal Article}
}

@article{ZhangTaylor2011,
   author = {Zhang, J. and Taylor, C.},
   title = {The Dynamic Model provides the best description of the chill process on 'Sirora' pistachio trees in Australia},
   journal = {HortScience},
   volume = {46},
   number = {3},
   pages = {420-425},
   ISSN = {00185345 (ISSN)},
   url = {http://www.scopus.com/inward/record.url?eid=2-s2.0-79952907898&partnerID=40&md5=976462719bfe3c290cd9521d318b3722},
   year = {2011},
   type = {Journal Article}
}

@article{Kuedenetal1995,
   author = {Küden, A. B. and Kaska, N. and Tanriver, E. and Tekin, H. and Ak, B. E.},
   title = {Determining the chilling requirements and growing degree hours of some pistachio nut cultivars and regions},
   journal = {Acta Horticulturae (ISHS)},
   volume = {419},
   pages = {85-90},
   ISSN = {2406-6168},
   DOI = {10.17660/ActaHortic.1995.419.12},
   url = {https://doi.org/10.17660/ActaHortic.1995.419.12},
   year = {1995},
   type = {Journal Article}
}

@article{Afsharietal2009,
  title={Determining the chilling requirements of four Pistachio cultivars in Semnan province (Iran)},
  author={Afshari, Hossein and Tajabadipour, Ali and Hokmabadi, Hossein and others},
  journal={African Journal of Agricultural Research},
  volume={4},
  number={2},
  pages={055--059},
  year={2009},
  publisher={Academic Journals},
  url = {http://www.academicjournals.org/journal/AJAR/article-full-text-pdf/F1D260637654}
}















@article{RN2,
   author = {Luedeling, Eike and Gassner, Anja},
   title = {Partial Least Squares regression for analyzing walnut phenology in California},
   journal = {Agricultural and Forest Meteorology},
   volume = {158},
   pages = {43-52},
   year = {2012},
   type = {Journal Article},
   DOI = {10.1016/j.agrformet.2011.10.020},
   url = {https://doi.org/10.1016/j.agrformet.2011.10.020}
}

@misc{RN3,
   author = {Luedeling, Eike and Göhring, Lutz},
   title = {R package decisionSupport: Quantitative Support of Decision Making under Uncertainty},
   url = {https://CRAN.R-project.org/package=decisionSupport},
   year = {2017},
   type = {Computer Program}
}

@article{RN4,
   author = {Luedeling, Eike and Oord, Arjen and Kiteme, Boniface and Ogalleh, Sarah and Malesu, Maimbo and Shepherd, Keith D. and De Leeuw, Jan},
   title = {Fresh groundwater for Wajir – ex-ante assessment of uncertain benefits for multiple stakeholders in a water supply project in Northern Kenya},
   journal = {Frontiers in Environmental Science},
   volume = {3},
   pages = {Article 16, 1-18},
   ISSN = {2296-665X},
   DOI = {10.3389/fenvs.2015.00016},
   url = {https://doi.org/10.3389/fenvs.2015.00016},
   year = {2015},
   type = {Journal Article}
}

@article{RN5,
   author = {Luedeling, E. and Shepherd, K.},
   title = {Decision-focused agricultural research},
   journal = {Solutions},
   volume = {7},
   number = {5},
   pages = {46-54},
   year = {2016},
   type = {Journal Article},
   url = {https://www.thesolutionsjournal.com/article/decision-focused-agricultural-research/}
}

@article{RN1,
   author = {Wold, Svante and Sjostrom, Michael and Eriksson, Lennart},
   title = {PLS-regression: a basic tool of chemometrics},
   journal = {Chemometrics and Intelligent Laboratory Systems},
   volume = {58},
   number = {2},
   pages = {109-130},
   DOI = {10.1016/S0169-7439(01)00155-1},
   url = {https://doi.org/10.1016/S0169-7439(01)00155-1},
   year = {2001},
   type = {Journal Article}
}

