Automatically generated by Mendeley Desktop 1.17.12
Any changes to this file will be lost if it is regenerated by Mendeley.

BibTeX export options can be customized via Options -> BibTeX in Mendeley Desktop

@article{Almoroxetal2005,
   author = {Almorox, J and Hontoria, C. and Benito, M.},
   title = {Statistical validation of daylength definitions for estimation of global solar radiation in Toledo, Spain},
   journal = {Energy Conversion and Management},
   volume = {46},
   pages = {1465-1471},
   year = {2005},
   type = {Journal Article},
   url = {https://doi.org/10.1016/j.enconman.2004.07.007}
}
@article{Richardsonetal1974,
annote = {Times Cited: 0},
author = {Richardson, E A and Seeley, S D and Walker, D R},
journal = {HortScience},
number = {4},
pages = {331--332},
title = {{A model for estimating the completion of rest for Redhaven and Elberta peach trees}},
volume = {9},
year = {1974}
}
@article{Andersonetal1986,
author = {Anderson, J L and Richardson, E A and Kesner, C D},
journal = {Acta Horticulturae (ISHS)},
pages = {71--78},
title = {{Validation of chill unit and flower bud phenology models for 'Montmorency' sour cherry}},
url = {https://doi.org/10.17660/ActaHortic.1986.184.7},
volume = {184},
year = {1986}
}
@article{LuedelingBrown2011,
author = {Luedeling, E and Brown, P H},
journal = {International Journal of Biometeorology},
number = {3},
pages = {411--421},
title = {{A global analysis of the comparability of winter chill models for fruit and nut trees}},
url = {https://doi.org/10.1007/s00484-010-0352-y},
volume = {55},
year = {2011}
}
@article{Linvill1990,
annote = {Times Cited: 17},
author = {Linvill, D E},
file = {:D\:/CHILLING/0805_Chilling_review/references/Linvill_1990.pdf:pdf},
journal = {HortScience},
number = {1},
pages = {14--16},
title = {{Calculating chilling hours and chill units from daily maximum and minimum temperature observations}},
volume = {25},
year = {1990}
}
@article{Bennett1949,
abstract = {The exposure required to break the rest fully varies with different plants and with the temp. If the exposure is too short or the temp. not low enough, incomplete breaking occurs; fewer buds grow and growth is less vigorous than on normal plants. || ABSTRACT AUTHORS: G. W. Bonn},
annote = {Times Cited: 0},
author = {Bennett, J P},
journal = {California Agriculture},
number = {11},
pages = {9,12},
title = {{Temperature and bud rest period}},
url = {http://calag.ucanr.edu/download_pdf.cfm?article=ca.v003n11p9},
volume = {3},
year = {1949}
}
@article{Erezetal1990,
author = {Erez, A and Fishman, S and Linsley-Noakes, G C and Allan, P},
journal = {Acta Horticulturae},
pages = {165--174},
title = {{The dynamic model for rest completion in peach buds}},
url = {https://doi.org/10.17660/ActaHortic.1990.276.18},
volume = {276},
year = {1990}
}
@article{Spencer1971,
author = {Spencer, J W},
journal = {Search},
number = {5},
pages = {172},
title = {{Fourier series representation of the position of the Sun}},
volume = {2},
year = {1971}
}
@book{CrossaRaynaud1955,
author = {Crossa-Raynaud, P},
publisher = {Impr. La Rapide},
title = {{Effets des hivers doux sur le comportement des arbres fruitiers {\`{a}} feuilles caduques: Observations faites en Tunisie {\`{a}} la suite de l'hiver 1954-1955}},
year = {1955}
}
