@article{tree_fungus_network,
  title={Architecture of an antagonistic tree/fungus network: the asymmetric influence of past evolutionary history},
  author={Vacher, Corinne and Piou, Dominique and Desprez-Loustau, Marie-Laure},
  journal={PloS one},
  volume={3},
  number={3},
  pages={e1740},
  year={2008},
  publisher={Public Library of Science}
}

@article{blockmodels,
  title={Blockmodels: A R-package for estimating in Latent Block Model and Stochastic Block Model, with various probability functions, with or without covariates},
  author={Leger, Jean-Benoist},
  journal={arXiv preprint arXiv:1602.07587},
  year={2016}
}
