@Manual{R-covr,
  title = {covr: Test Coverage for Packages},
  author = {Jim Hester},
  year = {2018},
  note = {R package version 3.2.1},
  url = {https://CRAN.R-project.org/package=covr},
}
@Manual{R-data.table,
  title = {data.table: Extension of `data.frame`},
  author = {Matt Dowle and Arun Srinivasan},
  year = {2019},
  note = {R package version 1.12.2},
  url = {https://CRAN.R-project.org/package=data.table},
}
@Manual{R-pkgdown,
  title = {pkgdown: Make Static HTML Documentation for a Package},
  author = {Hadley Wickham and Jay Hesselberth},
  year = {2018},
  note = {R package version 1.3.0},
  url = {https://CRAN.R-project.org/package=pkgdown},
}
@Manual{R-Rcpp,
  title = {Rcpp: Seamless R and C++ Integration},
  author = {Dirk Eddelbuettel and Romain Francois and JJ Allaire and Kevin Ushey and Qiang Kou and Nathan Russell and Douglas Bates and John Chambers},
  year = {2019},
  note = {R package version 1.0.1},
  url = {https://CRAN.R-project.org/package=Rcpp},
}
@Manual{R-RcppArmadillo,
  title = {RcppArmadillo: 'Rcpp' Integration for the 'Armadillo' Templated Linear Algebra
Library},
  author = {Dirk Eddelbuettel and Romain Francois and Doug Bates and Binxiang Ni},
  year = {2019},
  note = {R package version 0.9.500.2.0},
  url = {https://CRAN.R-project.org/package=RcppArmadillo},
}
@Manual{R-roxygen2,
  title = {roxygen2: In-Line Documentation for R},
  author = {Hadley Wickham and Peter Danenberg and Manuel Eugster},
  year = {2018},
  note = {R package version 6.1.1},
  url = {https://CRAN.R-project.org/package=roxygen2},
}
@Manual{R-testthat,
  title = {testthat: Unit Testing for R},
  author = {Hadley Wickham},
  year = {2019},
  note = {R package version 2.1.1},
  url = {https://CRAN.R-project.org/package=testthat},
}

@article{Sanderson:2016cs,
author = {Sanderson, Conrad and Curtin, Ryan},
title = {{Armadillo: a template-based C++ library for linear algebra}},
journal = {Journal of Open Source Software},
year = {2016},
volume = {1},
number = {2},
month = jun
}

@article{Mitov:2019ci,
author = {Mitov, Venelin and Bartoszek, Krzysztof and Stadler, Tanja},
title = {{Automatic generation of evolutionary hypotheses using mixed Gaussian phylogenetic models}},
journal = {Proceedings of the National Academy of Sciences of the United States of America},
year = {2019},
volume = {35},
pages = {201813823},
month = aug
}

@article{Clavel:2015hc,
author = {Clavel, Julien and Escarguel, Gilles and Merceron, Gildas},
title = {{mvmorph: an R package for fitting multivariate evolutionary models to morphometric data}},
journal = {Methods in Ecology and Evolution},
year = {2015},
volume = {6},
number = {11},
pages = {1311--1319},
month = nov
}

@book{Golub:2013mc,
author = {Golub, G H and Van Loan, C F},
title = {{Matrix Computations}},
publisher = {The Johns Hopkins University Press},
year = {2013},
address = {Baltimore}
}

@article{Butler:2004ce,
author = {Butler, M A and King, A A},
title = {{Phylogenetic comparative analysis: A modeling approach for adaptive evolution}},
journal = {American Naturalist},
year = {2004},
volume = {164},
number = {6},
pages = {683--695},
month = dec
}

@article{Lynch:1991db,
author = {Lynch, Michael},
title = {{Methods for the Analysis of Comparative Data in Evolutionary Biology}},
journal = {Evolution; international journal of organic evolution},
year = {1991},
volume = {45},
number = {5},
pages = {1065--1080},
month = aug
}

@article{Harmon:2010gh,
author = {Harmon, Luke J and Losos, Jonathan B and Jonathan Davies, T and Gillespie, Rosemary G and Gittleman, John L and Bryan Jennings, W and Kozak, Kenneth H and McPeek, Mark A and Moreno-Roark, Franck and Near, Thomas J and Purvis, Andy and Ricklefs, Robert E and Schluter, Dolph and Schulte Ii, James A and Seehausen, Ole and Sidlauskas, Brian L and Torres-Carvajal, Omar and Weir, Jason T and Mooers, Arne {\O}},
title = {{Early bursts of body size and shape evolution are rare in comparative data.}},
journal = {Evolution; international journal of organic evolution},
year = {2010},
volume = {64},
number = {8},
pages = {2385--2396},
month = aug
}

@article{Hansen:2012et,
author = {Hansen, Thomas F and Bartoszek, Krzysztof},
title = {{Interpreting the evolutionary regression: the interplay between observational and biological errors in phylogenetic comparative studies.}},
journal = {Systematic Biology},
year = {2012},
volume = {61},
number = {3},
pages = {413--425},
month = may
}

@book{Lynch:1998vx,
author = {Lynch, Michael and Walsh, Bruce},
title = {{Genetics and Analysis of Quantitative Traits}},
publisher = {Sinauer Associates Incorporated},
year = {1998},
month = jan
}

@article{Mitov:2018pg,
author = {Mitov, Venelin and Stadler, Tanja},
title = {A Practical Guide to Estimating the Heritability of Pathogen Traits},
journal = {Molecular Biology and Evolution},
volume = {},
number = {},
pages = {msx328},
year = {2018},
doi = {10.1093/molbev/msx328},
URL = { + http://dx.doi.org/10.1093/molbev/msx328},
eprint = {/oup/backfile/content_public/journal/mbe/pap/10.1093_molbev_msx328/2/msx328.pdf}
}

@article{Mitov:2016kd,
author = {Mitov, Venelin and Stadler, Tanja},
title = {{The heritability of pathogen traits - definitions and estimators}},
journal = {unpublished data},
year = {2016},
volume = {https://www.biorxiv.org/content/early/2016/06/12/058503}
}


@article{Brooks:1998ci,
author = {Brooks, S P and Gelman, A},
title = {{General methods for monitoring convergence of iterative simulations}},
journal = {Journal of Computational and Graphical Statistics},
year = {1998},
volume = {7},
number = {4},
pages = {434--455},
month = dec
}

@article{Stadler:2013hfa,
author = {Stadler, Tanja and K{\"u}hnert, Denise and Bonhoeffer, Sebastian and Drummond, Alexei J},
title = {{Birth-death skyline plot reveals temporal changes of epidemic spread in HIV and hepatitis C virus (HCV).}},
journal = {PNAS},
year = {2013},
volume = {110},
number = {1},
pages = {228--233},
month = jan
}

@article{Hodcroft:2014es,
author = {Hodcroft, Emma and Hadfield, Jarrod D and Fearnhill, Esther and Phillips, Andrew and Dunn, David and O'Shea, Siobhan and Pillay, Deenan and Brown, Andrew J Leigh and Database, on behalf of the UK HIV Drug Resistance and Study, the UK CHIC},
title = {{The Contribution of Viral Genotype to Plasma Viral Set-Point in HIV Infection}},
journal = {PLoS pathogens},
year = {2014},
volume = {10},
number = {5},
pages = {e1004112},
month = may
}

@article{Hansen:1997ek,
author = {Hansen, Thomas F},
title = {{Stabilizing Selection and the Comparative Analysis of Adaptation}},
journal = {Evolution; international journal of organic evolution},
year = {1997},
volume = {51},
number = {5},
pages = {1341--1351},
month = oct
}

@article{Gelman:1992gy,
author = {Gelman, A and Rubin, D B},
title = {{Inference from iterative simulation using multiple sequences}},
journal = {Statistical science},
year = {1992}
}

@article{Boskova:2014hy,
author = {Boskova, Veronika and Bonhoeffer, Sebastian and Stadler, Tanja},
title = {{Inference of Epidemiological Dynamics Based on Simulated Phylogenies Using Birth-Death and Coalescent Models.}},
journal = {PLoS Computational Biology (PLOSCB) 10(4)},
year = {2014},
volume = {10},
number = {11},
pages = {e1003913}
}

@article{Cook:2006km,
author = {Cook, Samantha R and Gelman, Andrew and Rubin, Donald B},
title = {{Validation of Software for Bayesian Models Using Posterior Quantiles}},
journal = {Journal of Computational and Graphical Statistics},
year = {2006},
volume = {15},
number = {3},
pages = {675--692},
month = sep
}

@article{Anonymous:2014ge,
author = {Ho, Lam si Tung and An{\'e}, C{\'e}cile},
title = {{A linear-time algorithm for Gaussian and non-Gaussian trait evolution models.}},
journal = {Systematic Biology},
year = {2014},
volume = {63},
number = {3},
pages = {397--408},
month = apr
}

@article{Vihola:2012by,
author = {Vihola, Matti},
title = {{Robust adaptive Metropolis algorithm with coerced acceptance rate}},
journal = {Statistics and Computing},
year = {2012},
volume = {22},
number = {5},
pages = {997--1008},
month = sep
}

@article{Housworth:2004gj,
author = {Housworth, Elizabeth A and Martins, Em{\'\i}lia P and Lynch, Michael},
title = {{The phylogenetic mixed model.}},
journal = {The American Naturalist},
year = {2004},
volume = {163},
number = {1},
pages = {84--96},
month = jan
}

@article{Mitov:2016kd,
author = {Mitov, Venelin and Stadler, Tanja},
title = {{The Heritability of Pathogen Traits - Definitions and Estimators}},
journal = {bioRxiv},
year = {2016},
pages = {058503},
month = jun
}

@article{Mitov:2017ku,
author = {Mitov, Venelin and Stadler, Tanja},
title = {{Fast and Robust Inference of Phylogenetic Ornstein-Uhlenbeck Models Using Parallel Likelihood Calculation}},
journal = {bioRxiv},
year = {2017},
pages = {115089},
month = mai
}

@article {Mitov235739,
	author = {Mitov, Venelin and Stadler, Tanja},
	title = {Fast Bayesian Inference of Phylogenetic Models Using Parallel Likelihood Calculation and Adaptive Metropolis Sampling},
	year = {2017},
	doi = {10.1101/235739},
	publisher = {Cold Spring Harbor Laboratory},
	URL = {https://www.biorxiv.org/content/early/2017/12/18/235739},
	eprint = {https://www.biorxiv.org/content/early/2017/12/18/235739.full.pdf},
	journal = {bioRxiv}
}

@article{Mitov:2018dqa,
author = {Mitov, Venelin and Stadler, Tanja},
title = {{Parallel likelihood calculation for phylogenetic comparative models: The SPLITT C++ library}},
journal = {Methods in Ecology and Evolution},
year = {2018},
pages = {2041--210X.13136},
month = dec
}

@article{Mitov:2018fl,
author = {Mitov, Venelin and Bartoszek, Krzysztof and Asimomitis, Georgios and Stadler, Tanja},
title = {{Fast likelihood calculation for multivariate Gaussian phylogenetic models with shifts}},
journal = {Theor. Popul. Biol.},
year = {2019},
month = dec,
doi = {10.1016/j.tpb.2019.11.005}
}
