
%-----------------------------------------------------------
% ----- R packages, etc
%-----------------------------------------------------------
@Manual{r_core,
  title = {\proglang{R}: A Language and Environment for Statistical Computing},
  author = {{\proglang{R} Core Team}},
  organization = {\proglang{R} Foundation for Statistical Computing},
  address = {Vienna, Austria},
  year = {2016},
  url = {https://www.R-project.org/},
}

@Manual{acs,
  title = {\pkg{acs}: Download, Manipulate, and Present American Community Survey and Decennial Data from the {US} Census},
  author = {Ezra Haber Glenn},
  year = {2016},
  note = {\proglang{R} package version 2.0},
  url = {https://CRAN.R-project.org/package=acs},
}

@Manual{maptools,
    title = {\pkg{maptools}: Tools for Reading and Handling Spatial Objects},
    author = {Roger Bivand and Nicholas Lewin-Koh},
    year = {2016},
    note = {\proglang{R} package version 0.8-40},
    url = {https://CRAN.R-project.org/package=maptools},
}


@Manual{sp,
  author= "EJ Pebesma and RS Bivand",
  title= "Classes and Methods for Spatial Data in \proglang{R}",
  journal= "\proglang{R} News",
  year= "2005",
  volume= "5",
  issue= "2",
  url= {http://cran.r-project.org/doc/Rnews/},
}  .  
  

@Article{rcpp,
  title = {\pkg{Rcpp}: Seamless \proglang{R} and \proglang{C++} Integration},
  author = {Dirk Eddelbuettel and Romain Francois},
  journal = {Journal of Statistical Software},
  year = {2011},
  volume = {40},
  issue = {8},
  pages = {1-18},
  doi = {10.18637/jss.v040.i08},
}

@Manual{devtools,
  title = {\pkg{devtools}: Tools to Make Developing \proglang{R} Packages Easier},
  author = {Hadley Wickham and Winston Chang},
  year = {2016},
  note = {\proglang{R} package version 1.10.0},
  url = {https://CRAN.R-project.org/package=devtools},
}

@Article{sms,
  title = {\pkg{sms}: An \proglang{R} Package for the Construction of Microdata for Geographical Analysis},
  author = {Dimitris Kavroudakis},
  journal = {Journal of Statistical Software},
  year = {2015},
  volume = {68},
  number = {2},
  pages = {1--23},
  doi = {10.18637/jss.v068.i02},
}

@Article{UScensus2010,
    title = {US Census Spatial and Demographic Data in \proglang{R}: The \pkg{UScensus2000} Suite of Packages},
    author = {Zack W. Almquist},
    journal = {Journal of Statistical Software},
    year = {2010},
    volume = {37},
    number = {6},
    pages = {1--31},
    doi= {10.18637/jss.v037.i06},
  }  

@Manual{acs_research,
  title = {A Compass for Understanding and Using American Community Survey Data: What Researchers Need to Know},
  author = {{US Census Bureau}},
  address = {Washington, DC},
  year = {2009},
}

@Book{Bivand_GIS,
  title= "Applied Spatial Data Analysis with \proglang{R}",
  author= "Bivand, RS and Pebesma, EJ and Gomez-Rubio, V",
  year= "2008",
  publisher= "Springer-Verlag",
  location= " New York, NY",
}

@Article{urbansim,
  author= "Waddell, P and others",
  title= "Microsimulation of Urban Development and Location Choices: Design and Implementation of \pkg{UrbanSim}",
  journal= "Networks and Spatial Economics",
  volume= "3",
  issue= "1",
  year= "2003",
  pages= "43-67",
  doi= {10.1023/A:1022049000877},
}


%-----------------------------------------------------------
% ---- Simulated Annealing articles
%-----------------------------------------------------------

@Article{veryfast_sa,
  title = {Very Fast Simulated Re-Annealing},
  author = {Lester Ingber},
  year = {1989},
  journal = {Mathematical and Computer Modelling},
  volume = {12},
  number = {8},
  pages = {967-973},
  doi = {10.1016/0895-7177(89)90202-1},
}

@Article{metropolis,
  author = {Nicholas Metropolis and others},
  title = {Equation of State Calculations by Fast Computing Machines},
  year = {1953},
  journal = {The Journal of Chemical Physics},
  volume = {21},
  number = {6},
  pages = {1087-1092},
  doi = {10.1063/1.1699114},
}

@Article{fast_sa,
  title = {Fast Simulated Annealing},
  author = {Harold Szu and Ralph Hartley},
  year = {1987},
  journal = {Physics Letters A},
  volume = {122},
  number = {3},
  pages = {157-162},
  doi = {10.1016/0375-9601(87)90796-1},
}

@article{IngberASA,
  author    = {Lester Ingber},
  title     = {Adaptive Simulated Annealing {(ASA):} Lessons Learned},
  journal   = {CoRR},
  volume    = {cs.MS/0001018},
  year      = {2000},
  url       = {http://arxiv.org/abs/cs.MS/0001018}
}

%-----------------------------------------------------------
% ---- SMSM articles, etc
%-----------------------------------------------------------

@Book{orcutt,
  author = {G. Orcutt and others},
  title = {Microanalysis of Socioeconomic Systems: A Simulation Study},
  year = {1961},
  publisher = {Harper},
  location = {New York},
}

@Article{rao_unequal,
	author= {Rao, J. and others},
	title= {On a Simple Procedure of Unequal Probability Sampling Without Replacement},
	journal= {Journal of the Royal Statistical Society B (Methodological)},
	year= {1962},
	pages= {482-491},
}

@InCollection{clarke1984,
  author = {M. Clarke and others},
  editor = {W. {van Elmeren} and R. Engelbrecht and C. D. Flagle},
  booktitle = {Systems Science in Health Care},
  title = {A Strategic Planning Simulation Model of a District Health Service System: The In-Patient Component and Results},
  publisher = {Springer-Verlag},
  location = {Berlin},
  year = {1984},
}

@Article{clarke_water,
  author = {G. P. Clarke and others},
  title = {Estimating Small Area Demand for Water: A New Methodology},
  year = {1997},
  journal = {Water and Environment Journal},
  volume = {11},
  issue = {3},
  pages = {186-192},
  doi = {10.1111/j.1747-6593.1997.tb00114.x},
}

@Article{birkinClarke,
  title = {\pkg{SYNTHESIS} -- A Synthetic Spatial Information System for Urban and Regional Analysis: Methods and Examples},
  author = {M. Birkin and M. Clarke},
  year = {1988},
  journal = {Environment and Planning A},
  volume = {20},
  number = {12},
  pages = {1645-1671},
  doi = {10.1068/a201645},
}

@Article{ballas_etal_2005,
  author = {D. Ballas and others},
  title = {\pkg{SimBritain}: A Spatial Microsimulation Approach to Population Dynamics},
  journal = {Population, Space and Place},
  year = {2005},
  volume = {11},
  issue = {1},
  pages = {13-34},
  doi = {10.1002/psp.351},
}

@Article{ballas_ireland,
  author = {D. Ballas and G. P. Clarke and E. Wiemers},
  title = {Building a Dynamic Spatial Microsimulation Model for Ireland},
  journal = {Population, Space and Place},
  year = {2005},
  volume = {11},
  issue = {3},
  pages = {157-172},
  doi = {10.1002/psp.359},
}

@Article{clarke_holm,
  author = {M Clarke and E. Holm},
  title = {Microsimulation Methods in Spatial Analysis and Planning},
  journal = {Geografiska Annaler Series B},
  year = {1987},
  volume = {69},
  issue = {2},
  pages = {145-169},
  doi = {10.2307/490448},
}

@InProceedings{harding,
  author = {A. Harding and others},
  title = {Assessing Poverty and Inequality at a Detailed Regional Level: New Advances in Spatial Microsimulation},
  booktitle = {Inequality, Poverty and Human Well-Being Conference},
  address = {Helsinki, Finland},
  year = {2003},
}

@Article{harland,
  author = {K Harland and others},
  title = {Creating Realistic Synthetic Populations at Varying Spatial Scales: a Comparative Critique of Population Synthesis Techniques},
  journal = {Journal of Artifical Societies and Social Simulation},
  year = {2012},
  volume = {15},
  issue = {1},
  pages = {1-15},
  doi = {10.18564/jasss.1909},
}

@Article{huang_williamson,
  author = {Z. Huang and P. Williamson},
  title = {A Comparison of Synthetic Reconstruction and Combinatorial Optimisation Approaches to the Creation of Small-Area Microdata},
  journal = { (Working Paper 2001/2). Liverpool: Population Microdata Unit, Department of Geography, University of Liverpool},
  year = {2001},
}

@Article{nakaya_etal,
  author = {T. Nakaya and A. S. Fotheringham and K. Hanoaka and G. P. Clarke and D. Balals and K. Yano},
  title = {Combining Microsimulation and Spatial Interaction Models for Retail Location Analysis},
  journal = {Journal of Geographical Systems},
  year = {2007},
  volume = {4},
  pages = {345-369},
  doi = {10.1007/s10109-007-0052-2},
}

@Article{townend_etal,
  author = {P. Townend and others},
  title = {\pkg{MoSeS}: Modelling and Simulation for e-Social Science},
  journal = {Philosophical Transactions of the Royal Society of London A: Mathematical, Physical and Engineering Sciences},
  year = {2009},
  volume = {367},
  issue = {1898},
  pages = {2781-2792},
  doi = {10.1098/rsta.2009.0041},
}

@Article{williamson_etal,
  author = {P. Williamson and M. Birkin and P. Rees},
  title = {The Estimation of Population Microdata by Using Data from Small Area Statistics and Samples of Anonymised Records},
  journal = {Environment and Planning A},
  year = {1998},
  volume = {30},
  issue = {5},
  pages = {785-816},
  doi = {10.1068/a300785},
}

@Book{UG_smsm,
  author = {Robert Tanton and Kimberley L. Edwards},
  title = {Spatial Microsimulation: A Reference Guide for Users},
  publisher = {Springer-Verlag},
  year = {2013},
  location = {Dordrecht},
  doi = {10.1007/978-94-007-4623-7},
}

@Article{crimi_eddy,
  author= {N. Crimi and W. Eddy},
  title= {Top-Coding and Public Use Microdata Samples from the U.S. Census Bureau},
  journal= {Journal of Privacy and Confidentiality},
  year= {2014},
  volume= {6},
  pages= {21-58}  

}

%-----------------------------------------------------------
% ---- Population projection
%-----------------------------------------------------------

@Article{imhoff,
	author= {Van Imhoff, Evert and Post, Wendy},
	title= {Microsimulation Methods for Population Projection},
	journal= {Population: An English Selection},
	year= {1998},
	pages= {97-138},
}

@techreport{us_census_pop,
	author= {Colby, Sandra L. and Jennifer M. Ortman},
	title= {Projections of the Size and Composition of the {U.S.} Population: 2014 to 2060},
	institution= {U.S. Census Bureau},
	year= {2014},
	note= {Current Population Reports},
	number= {P25-1143},
}

@inProceedings{bayes_pop,
	author= {Raftery, Adrian E. and others},
	title= {Bayesian Probabilistic Population Projections for all Countries},
	booktitleaddon= {Proceedings of the National Academy of Sciences},
	year= {2012},
	pages= {13915-13921},
	volume= {109},
	number= {35},
}

@techreport{fertility,
	author= {Hamilton, Brady E. and others},
	title= {Births: Final Data for 2014},
	institution= {National Vital Statistics Reports},
	year= {2015},
	volume= {64},
	number= {12},
}

@techreport{mortality,
	author= {Xu, J. Q. and Murphy, S.L. and K. D. Kochanek},
	title= {Deaths: Final Data for 2013},
	institution= {National Vital Statistics Reports},
	year= {2015},
	volume= {64},
	number= {2},
}


@inProceedings{bayes_pop2,
	author= {Azose, Jonathan J. and Sevcikova, Hana and Raftery, Adrian E.},
	title= {Probabilistic Population Projections with Migration Uncertainty},
	booktitleaddon= {Proceedings of the National Academy of Sciences},
	year= {2016},
	pages= {6460-6465},
	volume= {113},
	number= {23},
}

@Article{hana,
	author = {Sevcikova, H. and Li, N. and Kantorova, V. and Gerland, P. and Raftery, Adrian E.},
	title = "{Age-Specific Mortality and Fertility Rates for Probabilistic Population Projections}",
	journal = {ArXiv e-prints},
	eprint = {1503.05215},
	year = {2015},
	adsurl = {http://adsabs.harvard.edu/abs/2015arXiv150305215S},
	adsnote = {Provided by the SAO/NASA Astrophysics Data System},
}

@techreport{un_population,
	author= "{Department of Economic and Social Affairs: Population Division}",
	title= {World Population Prospects: The 2012 Revision, Highlights and Advance Tables},
	institution= {United Nations},
	year= {2013},
	number= {ESA/P/WP.228},
}

@misc{la_births,
    title= {Birth Statistics Master Files},
    author= {{California Department of Public Health}},
    year= {2013},
    url={http://www.kidsdata.org/topic/610/fertility-rate/},
    note= {As cited on \url{www.kidsdata.org}, a program of the Lucile Packard Foundation for Children's Health. Accessed: July 27th, 2016},
}


@techreport{la_deaths,
	author= "{Office of Health Assessment and Epidemiology}",
	title= {Mortality in Los Angeles County 2012: Leading Causes of Death and Premature Death with Trends for 2003-2012},
	institution= {Los Angeles County Department of Public Health},
	year= {2015},
}


@misc{CensusQuickFacts,
	author= {{US Census Bureau}},
	title= {{US Census Bureau Quick Facts}},
	url= {https://www.census.gov/quickfacts/},
	year= {2015},
	note= {Accessed: 2016-09-12}
}
