

@string{macro = {definition}}


@book{ConnGould2000,
	Address = {Philadelphia},
	Author = {Conn, Andrew R and Gould, Nicholas I M and Toint, Philippe L},
	Publisher = {SIAM-MPS},
	Title = {Trust-Region Methods},
	Year = {2000}}

@book{NocedalWright2006,
	Author = {Nocedal, Jorge and Wright, Stephen J},
	Edition = {Second edition},
	Publisher = {Springer-Verlag},
	Title = {Numerical Optimization},
	Year = {2006}}

@online{R_OptimTaskView,
	Author = {Stefan Theussel},
	Date-Modified = {2014-09-01 03:01:18 +0000},
	Title = {{CRAN} Task View: Optimization and Mathematical Programming},
	Url = {https://cran.r-project.org/view=Optimization},
	Year = {2013}}

@article{R_trustOptim,
	Author = {Michael Braun},
	Journaltitle = {Journal of Statistical Software},
	Month = {sep},
	Number = {4},
	Pages = {1-16},
	Title = {{t}rust{O}ptim: An {R} Package for Trust Region Optimization with Sparse Hessians},
	Url = {http://www.jstatsoft.org/v60/i04/},
	Volume = {60},
	Year = {2014}}

@article{Steihaug1983,
	Author = {Steihaug, Trond},
	Doi = {10.1137/0720042},
	Journaltitle = {{SIAM} Journal on Numerical Analysis},
	Month = jun,
	Number = {3},
	Pages = {626-637},
	Title = {The Conjugate Gradient Method and Trust Regions in Large Scale Optimization},
	Volume = {20},
	Year = {1983}}
