%% This BibTeX bibliography file was created using BibDesk.
%% https://bibdesk.sourceforge.io/

%% Created for Jiandong Wang at 2020-08-06 16:45:01 -0600 


%% Saved with string encoding Unicode (UTF-8) 

@inproceedings{Jwang2020BCB,
	Author = {Jiandong Wang and Sajal Kumar and Mingzhou Song},
	Title = {Joint Grid Discretization for Biological Pattern Discovery},
	Year = {2020},
	Booktitle = {Proceedings of the 11th ACM International Conference on Bioinformatics, Computational Biology and Health Informatics},
	Note = {In press}}
	
@Manual{jwangGOC2020,
    title = {GridOnClusters: Joint Discretization of Data on a Grid that Preserves Clusters},
    author = {Jiandong Wang and Sajal Kumar and Joe Song},
    year = {2020},
    note = {R package version 0.0.8},
    url = {https://CRAN.R-project.org/package=GridOnClusters},
  }
