%% This BibTeX bibliography file was created using BibDesk.
%% http://bibdesk.sourceforge.net/

@article{sun2017bayesian,
  title={Bayesian semiparametric structural equation models with latent variables},
  author={Sun, Jiehuan and Warren, Joshua L. and Zhao, Hongyu},
  journal={Statistical Applications in Genetics and Molecular Biology},
  volume={0},
  number={0},
  pages={0},
  year={2017},
  publisher={De Gruyter}
}


@article{drasgow1983modified,
  title={Modified parallel analysis: A procedure for examining the latent dimensionality of dichotomously scored item responses.},
  author={Drasgow, Fritz and Lissak, Robin I},
  journal={Journal of Applied Psychology},
  volume={68},
  number={3},
  pages={363--373},
  year={1983},
  publisher={American Psychological Association}
}

@comment{BibDesk Static Groups{
<?xml version="1.0" encoding="UTF-8"?>
<!DOCTYPE plist PUBLIC "-//Apple//DTD PLIST 1.0//EN" "http://www.apple.com/DTDs/PropertyList-1.0.dtd">
<plist version="1.0">
<array>
	<dict>
		<key>group name</key>
		<string>Bayesian clustering</string>
		<key>keys</key>
		<string>herazo2013peripheral,heard2006quantitative,rodriguez2014functional,meacham2013tumour,alizadeh2000distinct,serban2005cats,bernardo2003bayesian,sethuraman1994constructive,walker2007sampling,wang2003generalized,komarek2013clustering,villarroel2009cluster,papaspiliopoulos2008retrospective,wolters2013pathogenesis,jeste2014disentangling,chen2012personal,kalli2011slice,carvalho2008high,sorlie2001gene,ray2006functional,fritsch2009improved,james2003clustering,spiegelhalter2002bayesian,ferguson1973bayesian,wigle2002molecular,garber2001diversity</string>
	</dict>
	<dict>
		<key>group name</key>
		<string>new2</string>
		<key>keys</key>
		<string></string>
	</dict>
</array>
</plist>
}}
