@article{little1993post,
  title={Post-stratification: a modeler's perspective},
  author={Little, Roderick JA},
  journal={Journal of the American Statistical Association},
  volume={88},
  number={423},
  pages={1001--1012},
  year={1993},
  publisher={Taylor \& Francis Group}
}
@article{park2004bayesian,
  title={Bayesian multilevel estimation with poststratification: state-level estimates from national polls},
  author={Park, David K and Gelman, Andrew and Bafumi, Joseph},
  journal={Political Analysis},
  volume={12},
  number={4},
  pages={375--385},
  year={2004},
  publisher={Cambridge University Press}
}

@article{shirley2015hierarchical,
  title={Hierarchical models for estimating state and demographic trends in US death penalty public opinion},
  author={Shirley, Kenneth E and Gelman, Andrew},
  journal={Journal of the Royal Statistical Society: Series A (Statistics in Society)},
  volume={178},
  number={1},
  pages={1--28},
  year={2015},
  publisher={Wiley Online Library}
}
  
  @article{barr2013random,
  title={Random effects structure for confirmatory hypothesis testing: Keep it maximal},
  author={Barr, Dale J and Levy, Roger and Scheepers, Christoph and Tily, Harry J},
  journal={Journal of memory and language},
  volume={68},
  number={3},
  pages={255--278},
  year={2013},
  publisher={Elsevier}
}

@article{ghitza2013deep,
  title={Deep interactions with MRP: Election turnout and voting patterns among small electoral subgroups},
  author={Ghitza, Yair and Gelman, Andrew},
  journal={American Journal of Political Science},
  volume={57},
  number={3},
  pages={762--776},
  year={2013},
  publisher={Wiley Online Library}
}
@article{lei20172008,
  title={The 2008 election: A preregistered replication analysis},
  author={Lei, Rayleigh and Gelman, Andrew and Ghitza, Yair},
  journal={Statistics and Public Policy},
  pages={1--8},
  year={2017},
  publisher={Taylor \& Francis}
}

@article{gelman2007struggles,
  title={Struggles with survey weighting and regression modeling},
  author={Gelman, Andrew},
  journal={Statistical Science},
  pages={153--164},
  year={2007},
  publisher={JSTOR}
}

@article{lax2009should,
  title={How should we estimate public opinion in the states?},
  author={Lax, Jeffrey R and Phillips, Justin H},
  journal={American Journal of Political Science},
  volume={53},
  number={1},
  pages={107--121},
  year={2009},
  publisher={Wiley Online Library}
}

@article{park2004bayesian,
  title={Bayesian multilevel estimation with poststratification: state-level estimates from national polls},
  author={Park, David K and Gelman, Andrew and Bafumi, Joseph},
  journal={Political Analysis},
  volume={12},
  number={4},
  pages={375--385},
  year={2004},
  publisher={Cambridge University Press}
}

@article{gelman2005analysis,
  title={Analysis of variance-why it is more important than ever},
  author={Gelman, Andrew and others},
  journal={The annals of statistics},
  volume={33},
  number={1},
  pages={1--53},
  year={2005},
  publisher={Institute of Mathematical Statistics}
}
@article{si2017bayesian,
  title={Bayesian hierarchical weighting adjustment and survey inference},
  author={Si, Yajuan and Trangucci, Rob and Gabry, Jonah Sol and Gelman, Andrew},
  journal={arXiv preprint arXiv:1707.08220},
  year={2017}
}