@book{maxwell1961analysing,
  title="{Analysing Qualitative Data}",
  author={Maxwell, A.E.},
  year={1961},
  publisher={Methuen}
}

@article{peyhardi_new,
    author = {Peyhardi, J. and Trottier, C. and Guédon, Y.},
    title = "{A new specification of generalized linear models for categorical responses}",
    journal = {Biometrika},
    volume = {102},
    number = {4},
    pages = {889-906},
    year = {2015},
    month = {11},
    issn = {0006-3444},
    doi = {10.1093/biomet/asv042},
    url = {https://doi.org/10.1093/biomet/asv042},
    eprint = {https://academic.oup.com/biomet/article-pdf/102/4/889/650295/asv042.pdf},
}

@article{laara_matthes,
    author = {Läärä, E. and Matthews, J. N. S.},
    title = "{The equivalence of two models for ordinal data}",
    journal = {Biometrika},
    volume = {72},
    number = {1},
    pages = {206-207},
    year = {1985},
    month = {04},
    issn = {0006-3444},
    doi = {10.1093/biomet/72.1.206},
    url = {https://doi.org/10.1093/biomet/72.1.206},
    eprint = {https://academic.oup.com/biomet/article-pdf/72/1/206/667295/72-1-206.pdf},
}

@article{PEYHARDI_choice,
title = "Robustness of Student link function in multinomial choice models",
journal = "Journal of Choice Modelling",
volume = "36",
pages = "100228",
year = "2020",
issn = "1755-5345",
doi = "https://doi.org/10.1016/j.jocm.2020.100228",
url = "http://www.sciencedirect.com/science/article/pii/S1755534520300270",
author = "Dr Jean Peyhardi"
}

@book{louviere_2000, place={Cambridge}, title={Stated Choice Methods: Analysis and Applications}, DOI={10.1017/CBO9780511753831}, publisher={Cambridge University Press}, author={Louviere, Jordan J. and Hensher, David A. and Swait, Joffre D. and Adamowicz, Wiktor}, year={2000}}

@book{greene2003econometric,
  title={Econometric Analysis},
  author={Greene, W.H.},
  isbn={9788177586848},
  year={2003},
  publisher={Pearson Education}
}

@book{tutz_2011, place={Cambridge}, series={Cambridge Series in Statistical and Probabilistic Mathematics}, title={Regression for Categorical Data}, DOI={10.1017/CBO9780511842061}, publisher={Cambridge University Press}, author={Tutz, Gerhard}, year={2011}, collection={Cambridge Series in Statistical and Probabilistic Mathematics}}

@Article{peyhardi_travel,
  author={Bouscasse, Hélène and Joly, Iragaël and Peyhardi, Jean},
  title={{A new family of qualitative choice models: An application of reference models to travel mode choice}},
  journal={Transportation Research Part B: Methodological},
  year=2019,
  volume={121},
  number={C},
  pages={74-91},
  month={},
  keywords={Discrete choice model; Generalized linear model; Link function; Individual choice behavior}
}
