@article{Guillaume2011,
author = "Serge Guillaume and Brigitte Charnomordic",
title = "Learning interpretable Fuzzy Inference Systems with FisPro",
journal = "International Journal of Information Sciences",
volume = "181",
number = "20",
note = "Special Issue on Interpretable Fuzzy Systems",
pages = "4409-4427",
year = "2011",
doi = "10.1016/j.ins.2011.03.025",
}

@article{ExpertSystems12,
author = {Serge Guillaume and Brigitte Charnomordic},
title = {Fuzzy Inference Systems: an integrated modelling environment for collaboration between expert knowledge and data using FisPro},
journal = {Expert Systems with Applications},
volume = {39},
issue = {10},
pages = {8744-8755},
year = {2012},
month = {August},
doi = {10.1016/j.eswa.2012.01.206},
}