@article{zellner1971bayesian,
title={Bayesian and non-Bayesian analysis of the log-normal distribution and log-normal regression},
author={Zellner, Arnold},
journal={Journal of the American Statistical Association},
volume={66},
number={334},
pages={327--330},
year={1971},
publisher={Taylor \& Francis Group}
}


@article{fabrizi2012bayes,
title={Bayesian estimation of log-normal means with finite quadratic expected loss},
author={Fabrizi, Enrico and Trivisano, Carlo},
journal={Bayesian Analysis},
volume={7},
number={4},
pages={975--996},
year={2012},
publisher={International Society for Bayesian Analysis}
}

@article{fabrizi2016bayesian,
	title={Bayesian Conditional Mean Estimation in Log-Normal Linear Regression Models with Finite Quadratic Expected Loss},
	author={Fabrizi, Enrico and Trivisano, Carlo},
	journal={Scandinavian Journal of Statistics},
	volume={43},
	number={4},
	pages={1064--1077},
	year={2016},
	publisher={Wiley Online Library}
}


@article{rukhin1986improved,
title={Improved estimation in lognormal models},
author={Rukhin, Andrew L},
journal={Journal of the American Statistical Association},
volume={81},
number={396},
pages={1046--1049},
year={1986},
publisher={Taylor \& Francis}}

@Article{lme,
    title = {Fitting Linear Mixed-Effects Models Using {lme4}},
    author = {Douglas Bates and Martin M{\"a}chler and Ben Bolker and Steve Walker},
    journal = {Journal of Statistical Software},
    year = {2015},
    volume = {67},
    number = {1},
    pages = {1--48},
    doi = {10.18637/jss.v067.i01},
  }


@techreport{USEPA09,
author    = "USEPA",
title     = "Statistical Analysis of Groundwater Monitoring Data at RCRA
Facilities: Unified Guidance.",
institution = "Office of
Resource Conservation and Recovery, Program Implementation and Information
Division, U.S. Environmental Protection Agency, Washington, D.C.",
year      = "2009",
}


@article{gibson2013processing,
	title={Processing Chinese relative clauses in context},
	author={Gibson, Edward and Wu, H-H Iris},
	journal={Language and Cognitive Processes},
	volume={28},
	number={1-2},
	pages={125--155},
	year={2013},
	publisher={Taylor \& Francis}
}

@Article{coda,
    title = {CODA: Convergence Diagnosis and Output Analysis for MCMC},
    author = {Martyn Plummer and Nicky Best and Kate Cowles and Karen Vines},
    journal = {R News},
    year = {2006},
    volume = {6},
    number = {1},
    pages = {7--11},
    url = {https://journal.r-project.org/archive/},
    pdf = {https://www.r-project.org/doc/Rnews/Rnews_2006-1.pdf},
  }


@article{gardini2020bayesian,
  title={Bayesian inference for quantiles of the log-normal distribution},
  author={Gardini, Aldo and Trivisano, Carlo and Fabrizi, Enrico},
  journal={Biometrical Journal},
  publisher={Wiley Online Library},
  year={2020}
}
