  @Article{haiman1993,
  author = 	 {M. Haiman},
  title = 	 {Non-commutative rational power series and algebraic generating functions},
  journal = 	 {European Journal of Combinatorics},
  year = 	 {1993},
  volume =	 {14},
  number =	 {4},
  pages =	 {335--339}
  }

@Manual{hankin2019,
    title = {{\tt mvp}: Fast Symbolic Multivariate Polynomials},
    author = {Robin K. S. Hankin},
    year = {2019},
    note = {R package version 1.0-8},
    url = {https://github.com/RobinHankin/mvp.git},
  }

 @Manual{hankin2019a,
    title = {spray: Sparse Arrays and Multivariate Polynomials},
    author = {Robin K. S. Hankin},
    year = {2019},
    note = {R package version 1.0-7},
    url = {https://github.com/RobinHankin/spray.git},
  }

