
@article{ho2007,
	title = {Matching as Nonparametric Preprocessing for Reducing Model Dependence in Parametric Causal Inference},
	author = {{Ho}, {Daniel E.} and {Imai}, {Kosuke} and {King}, {Gary} and {Stuart}, {Elizabeth A.}},
	year = {2007},
	month = {06},
	date = {2007-06-20},
	journal = {Political Analysis},
	pages = {199--236},
	volume = {15},
	number = {3},
	doi = {10.1093/pan/mpl013},
	url = {https://pan.oxfordjournals.org/content/15/3/199},
	langid = {en}
}

@article{mccaffrey2004,
	title = {Propensity Score Estimation With Boosted Regression for Evaluating Causal Effects in Observational Studies.},
	author = {{McCaffrey}, {Daniel F.} and {Ridgeway}, {Greg} and {Morral}, {Andrew R.}},
	year = {2004},
	date = {2004},
	journal = {Psychological Methods},
	pages = {403--425},
	volume = {9},
	number = {4},
	doi = {10.1037/1082-989X.9.4.403},
	url = {https://doi.apa.org/getdoi.cfm?doi=10.1037/1082-989X.9.4.403},
	langid = {en}
}

@article{diamond2013,
	title = {Genetic matching for estimating causal effects: A general multivariate matching method for achieving balance in observational studies},
	author = {{Diamond}, {Alexis} and {Sekhon}, {Jasjeet S.}},
	year = {2013},
	date = {2013},
	journal = {Review of Economics and Statistics},
	pages = {932{\textendash}945},
	volume = {95},
	number = {3},
	doi = {10.1162/REST_a_00318},
	url = {https://www.mitpressjournals.org/doi/abs/10.1162/REST_a_00318},
	langid = {en}
}

@article{belitser2011,
	title = {Measuring balance and model selection in propensity score methods},
	author = {{Belitser}, {Svetlana V.} and {Martens}, {Edwin P.} and {Pestman}, {Wiebe R.} and {Groenwold}, {Rolf H.H.} and {de Boer}, {Anthonius} and {Klungel}, {Olaf H.}},
	year = {2011},
	month = {11},
	date = {2011-11-01},
	journal = {Pharmacoepidemiology and Drug Safety},
	pages = {1115--1129},
	volume = {20},
	number = {11},
	doi = {10.1002/pds.2188},
	url = {https://onlinelibrary.wiley.com.libproxy.lib.unc.edu/doi/10.1002/pds.2188/abstract},
	langid = {en}
}

@article{ali2014,
	title = {Propensity score balance measures in pharmacoepidemiology: a simulation study},
	author = {{Ali}, {M. Sanni} and {Groenwold}, {Rolf H. H.} and {Pestman}, {Wiebe R.} and {Belitser}, {Svetlana V.} and {Roes}, {Kit C. B.} and {Hoes}, {Arno W.} and {de Boer}, {Anthonius} and {Klungel}, {Olaf H.}},
	year = {2014},
	month = {08},
	date = {2014-08-01},
	journal = {Pharmacoepidemiology and Drug Safety},
	pages = {802--811},
	volume = {23},
	number = {8},
	doi = {10.1002/pds.3574},
	url = {https://onlinelibrary.wiley.com.libproxy.lib.unc.edu/doi/10.1002/pds.3574/abstract},
	langid = {en}
}

@article{stuart2013,
	title = {Prognostic score-based balance measures can be a useful diagnostic for propensity score methods in comparative effectiveness research},
	author = {{Stuart}, {Elizabeth A.} and {Lee}, {Brian K.} and {Leacy}, {Finbarr P.}},
	year = {2013},
	month = {08},
	date = {2013-08},
	journal = {Journal of Clinical Epidemiology},
	pages = {S84},
	volume = {66},
	number = {8},
	doi = {10.1016/j.jclinepi.2013.01.013},
	langid = {English}
}

@article{austin2009,
	title = {Balance diagnostics for comparing the distribution of baseline covariates between treatment groups in propensity-score matched samples},
	author = {{Austin}, {Peter C.}},
	year = {2009},
	month = {09},
	date = {2009-09-15},
	journal = {Statistics in Medicine},
	pages = {3083--3107},
	volume = {28},
	number = {25},
	doi = {10.1002/sim.3697},
	url = {https://dx.doi.org/10.1002/sim.3697},
	langid = {en}
}

@article{austin2015,
	title = {Moving towards best practice when using inverse probability of treatment weighting (IPTW) using the propensity score to estimate causal treatment effects in observational studies},
	author = {{Austin}, {Peter C.} and {Stuart}, {Elizabeth A.}},
	year = {2015},
	month = {12},
	date = {2015-12-10},
	journal = {Statistics in Medicine},
	pages = {3661--3679},
	volume = {34},
	number = {28},
	doi = {10.1002/sim.6607},
	url = {https://onlinelibrary.wiley.com.libproxy.lib.unc.edu/doi/10.1002/sim.6607/abstract},
	langid = {en}
}

@article{hansen2008,
	title = {The prognostic analogue of the propensity score},
	author = {{Hansen}, {Ben B.}},
	year = {2008},
	month = {02},
	date = {2008-02-04},
	journal = {Biometrika},
	pages = {481--488},
	volume = {95},
	number = {2},
	doi = {10.1093/biomet/asn004},
	url = {https://academic.oup.com/biomet/article-lookup/doi/10.1093/biomet/asn004},
	langid = {en}
}

@article{rubin2001,
	title = {Using Propensity Scores to Help Design Observational Studies: Application to the Tobacco Litigation},
	author = {{Rubin}, {Donald B.}},
	year = {2001},
	month = {12},
	date = {2001-12},
	journal = {Health Services and Outcomes Research Methodology},
	pages = {169--188},
	volume = {2},
	number = {3-4},
	doi = {10.1023/A:1020363010465},
	url = {https://link.springer.com/article/10.1023/A%3A1020363010465},
	langid = {en}
}

@article{franklin2014,
	title = {Metrics for covariate balance in cohort studies of causal effects},
	author = {{Franklin}, {Jessica M.} and {Rassen}, {Jeremy A.} and {Ackermann}, {Diana} and {Bartels}, {Dorothee B.} and {Schneeweiss}, {Sebastian}},
	year = {2014},
	month = {05},
	date = {2014-05-10},
	journal = {Statistics in Medicine},
	pages = {1685--1699},
	volume = {33},
	number = {10},
	doi = {10.1002/sim.6058},
	url = {https://doi.wiley.com/10.1002/sim.6058},
	langid = {en}
}

@article{iacus2011,
	title = {Multivariate Matching Methods That Are Monotonic Imbalance Bounding},
	author = {{Iacus}, {Stefano M.} and {King}, {Gary} and {Porro}, {Giuseppe}},
	year = {2011},
	month = {03},
	date = {2011-03},
	journal = {Journal of the American Statistical Association},
	pages = {345--361},
	volume = {106},
	number = {493},
	doi = {10.1198/jasa.2011.tm09599},
	url = {https://dx.doi.org/10.1198/jasa.2011.tm09599},
	langid = {en}
}

@article{heller2010,
	title = {Using the Cross-Match Test to Appraise Covariate Balance in Matched Pairs},
	author = {{Heller}, {Ruth} and {Rosenbaum}, {Paul R.} and {Small}, {Dylan S.}},
	year = {2010},
	month = {11},
	date = {2010-11},
	journal = {The American Statistician},
	pages = {299--309},
	volume = {64},
	number = {4},
	doi = {10.1198/tast.2010.09210},
	url = {https://www.tandfonline.com/doi/abs/10.1198/tast.2010.09210},
	langid = {en}
}

@article{huling2020,
	title = {Energy Balancing of Covariate Distributions},
	author = {{Huling}, {Jared D.} and {Mak}, {Simon}},
	year = {2020},
	month = {04},
	date = {2020-04-29},
	journal = {arXiv:2004.13962 [stat]},
	url = {https://arxiv.org/abs/2004.13962},
	note = {arXiv: 2004.13962}
}

@article{imai2008,
	title = {Misunderstandings between Experimentalists and Observationalists about Causal Inference},
	author = {{Imai}, {Kosuke} and {King}, {Gary} and {Stuart}, {Elizabeth A.}},
	year = {2008},
	date = {2008},
	journal = {Journal of the Royal Statistical Society. Series A (Statistics in Society)},
	pages = {481--502},
	volume = {171},
	number = {2},
	doi = {10.1111/j.1467-985X.2007.00527.x},
	url = {https://www.jstor.org/stable/30130768}
}

@article{huitfeldt2019,
	title = {On the collapsibility of measures of effect in the counterfactual causal framework},
	author = {{Huitfeldt}, {Anders} and {Stensrud}, {Mats J.} and {Suzuki}, {Etsuji}},
	year = {2019},
	month = {01},
	date = {2019-01-07},
	journal = {Emerging Themes in Epidemiology},
	pages = {1},
	volume = {16},
	number = {1},
	doi = {10.1186/s12982-018-0083-9},
	url = {https://doi.org/10.1186/s12982-018-0083-9}
}

@article{mackinnon1985,
	title = {Some heteroskedasticity-consistent covariance matrix estimators with improved finite sample properties},
	author = {{MacKinnon}, {James G.} and {White}, {Halbert}},
	year = {1985},
	month = {09},
	date = {1985-09},
	journal = {Journal of Econometrics},
	pages = {305--325},
	volume = {29},
	number = {3},
	doi = {10.1016/0304-4076(85)90158-7},
	url = {https://linkinghub.elsevier.com/retrieve/pii/0304407685901587},
	langid = {en}
}

@article{king2015,
	title = {How Robust Standard Errors Expose Methodological Problems They Do Not Fix, and What to Do About It},
	author = {{King}, {Gary} and {Roberts}, {Margaret E.}},
	year = {2015},
	date = {2015},
	journal = {Political Analysis},
	pages = {159--179},
	volume = {23},
	number = {2},
	doi = {10.1093/pan/mpu015},
	url = {https://dx.doi.org/10.1093/pan/mpu015},
	langid = {en}
}

@article{wan2019,
	title = {Matched or unmatched analyses with propensity{-}score{\textendash}matched data?},
	author = {{Wan}, {Fei}},
	year = {2019},
	month = {01},
	date = {2019-01-30},
	journal = {Statistics in Medicine},
	pages = {289--300},
	volume = {38},
	number = {2},
	doi = {10.1002/sim.7976},
	url = {https://onlinelibrary.wiley.com/doi/abs/10.1002/sim.7976},
	langid = {en}
}

@article{nguyen2017,
	title = {Double-adjustment in propensity score matching analysis: choosing a threshold for considering residual imbalance},
	author = {{Nguyen}, {Tri-Long} and {Collins}, {Gary S.} and {Spence}, {Jessica} and {Daur√®s}, {Jean-Pierre} and {Devereaux}, {P. J.} and {Landais}, {Paul} and {Le Manach}, {Yannick}},
	year = {2017},
	date = {2017},
	journal = {BMC Medical Research Methodology},
	pages = {78},
	volume = {17},
	doi = {10.1186/s12874-017-0338-0},
	url = {https://dx.doi.org/10.1186/s12874-017-0338-0}
}

@book{efron1993,
	title = {An Introduction to the Bootstrap},
	author = {{Efron}, {Bradley} and {Tibshirani}, {Robert J.}},
	year = {1993},
	date = {1993},
	publisher = {Springer US},
}

@article{austin2014,
	title = {The use of bootstrapping when using propensity-score matching without replacement: a simulation study},
	author = {{Austin}, {Peter C.} and {Small}, {Dylan S.}},
	year = {2014},
	month = {08},
	date = {2014-08-04},
	journal = {Statistics in Medicine},
	pages = {4306--4319},
	volume = {33},
	number = {24},
	doi = {10.1002/sim.6276},
	url = {https://dx.doi.org/10.1002/sim.6276},
	langid = {en}
}

@article{bodory2020,
	title = {The Finite Sample Performance of Inference Methods for Propensity Score Matching and Weighting Estimators},
	author = {{Bodory}, {Hugo} and {Camponovo}, {Lorenzo} and {Huber}, {Martin} and {Lechner}, {Michael}},
	year = {2020},
	month = {01},
	date = {2020-01-02},
	journal = {Journal of Business & Economic Statistics},
	pages = {183--200},
	volume = {38},
	number = {1},
	doi = {10.1080/07350015.2018.1476247},
	url = {https://www.tandfonline.com/doi/full/10.1080/07350015.2018.1476247},
	langid = {en}
}

@article{snowden2011,
	title = {Implementation of G-Computation on a Simulated Data Set: Demonstration of a Causal Inference Technique},
	author = {{Snowden}, {Jonathan M.} and {Rose}, {Sherri} and {Mortimer}, {Kathleen M.}},
	year = {2011},
	month = {04},
	date = {2011-04-01},
	journal = {American Journal of Epidemiology},
	pages = {731--738},
	volume = {173},
	number = {7},
	doi = {10.1093/aje/kwq472},
	url = {https://academic.oup.com/aje/article/173/7/731/104142},
	langid = {en}
}

@article{schafer2008,
	title = {Average causal effects from nonrandomized studies: A practical guide and simulated example},
	author = {{Schafer}, {Joseph L.} and {Kang}, {Joseph}},
	year = {2008},
	month = {12},
	date = {2008-12},
	journal = {Psychological Methods},
	pages = {279--313},
	volume = {13},
	number = {4},
	doi = {10.1037/a0014268},
	url = {https://auth.lib.unc.edu/ezproxy_auth.php?url=https://search.ebscohost.com/login.aspx?direct=true&db=pdh&AN=2008-17368-001&site=ehost-live&scope=site}
}

@article{pearl2015,
	title = {Detecting Latent Heterogeneity},
	author = {{Pearl}, {Judea}},
	year = {2015},
	month = {08},
	date = {2015-08-27},
	journal = {Sociological Methods & Research},
	pages = {370--389},
	volume = {46},
	number = {3},
	doi = {10.1177/0049124115600597},
	url = {https://dx.doi.org/10.1177/0049124115600597},
	langid = {en}
}

@article{abadie2019,
	title = {Robust Post-Matching Inference},
	author = {{Abadie}, {Alberto} and {Spiess}, {Jann}},
	year = {2019},
	month = {01},
	date = {2019-01},
	pages = {34},
	langid = {en}
}

@article{austin2009a,
	title = {Type I Error Rates, Coverage of Confidence Intervals, and Variance Estimation in Propensity-Score Matched Analyses},
	author = {{Austin}, {Peter C.}},
	year = {2009},
	month = {01},
	date = {2009-01-14},
	journal = {The International Journal of Biostatistics},
	volume = {5},
	number = {1},
	doi = {10.2202/1557-4679.1146},
	url = {https://dx.doi.org/10.2202/1557-4679.1146}
}

@article{gayat2012,
	title = {Propensity score applied to survival data analysis through proportional hazards models: a Monte Carlo study},
	author = {{Gayat}, {Etienne} and {Resche{-}Rigon}, {Matthieu} and {Mary}, {Jean-Yves} and {Porcher}, {Rapha√´l}},
	year = {2012},
	date = {2012},
	journal = {Pharmaceutical Statistics},
	pages = {222--229},
	volume = {11},
	number = {3},
	doi = {10.1002/pst.537},
	url = {https://onlinelibrary.wiley.com/doi/abs/10.1002/pst.537},
	note = {{\_}eprint: https://onlinelibrary.wiley.com/doi/pdf/10.1002/pst.537},
	langid = {en}
}

@article{austin2012,
	title = {The performance of different propensity score methods for estimating marginal hazard ratios},
	author = {{Austin}, {Peter C.}},
	year = {2012},
	month = {12},
	date = {2012-12-12},
	journal = {Statistics in Medicine},
	pages = {2837--2849},
	volume = {32},
	number = {16},
	doi = {10.1002/sim.5705},
	url = {https://dx.doi.org/10.1002/sim.5705},
	langid = {en}
}

@article{austin2013,
	title = {The performance of different propensity score methods for estimating marginal hazard ratios},
	author = {{Austin}, {Peter C.}},
	year = {2013},
	month = {07},
	date = {2013-07-20},
	journal = {Statistics in Medicine},
	pages = {2837--2849},
	volume = {32},
	number = {16},
	doi = {10.1002/sim.5705},
	url = {https://onlinelibrary.wiley.com/doi/10.1002/sim.5705},
	note = {Publisher: John Wiley & Sons, Ltd},
	langid = {en}
}

@article{abadie2008,
	title = {On the Failure of the Bootstrap for Matching Estimators},
	author = {{Abadie}, {Alberto} and {Imbens}, {Guido W.}},
	year = {2008},
	date = {2008},
	journal = {Econometrica},
	pages = {1537--1557},
	volume = {76},
	number = {6},
	url = {https://www.jstor.org/stable/40056514},
	note = {Publisher: [Wiley, Econometric Society]}
}

@article{hill2006,
	title = {Interval estimation for treatment effects using propensity score matching},
	author = {{Hill}, {Jennifer} and {Reiter}, {Jerome P.}},
	year = {2006},
	date = {2006},
	journal = {Statistics in Medicine},
	pages = {2230--2256},
	volume = {25},
	number = {13},
	doi = {10.1002/sim.2277},
	url = {https://onlinelibrary.wiley.com/doi/abs/10.1002/sim.2277},
	note = {{\_}eprint: https://onlinelibrary.wiley.com/doi/pdf/10.1002/sim.2277},
	langid = {en}
}

@article{austin2017,
	title = {Estimating the effect of treatment on binary outcomes using full matching on the propensity score},
	author = {{Austin}, {Peter C.} and {Stuart}, {Elizabeth A.}},
	year = {2017},
	month = {12},
	date = {2017-12},
	journal = {Statistical Methods in Medical Research},
	pages = {2505--2525},
	volume = {26},
	number = {6},
	doi = {10.1177/0962280215601134},
	url = {https://journals.sagepub.com/doi/10.1177/0962280215601134},
	langid = {en}
}

@article{mackinnon2006,
	title = {Bootstrap Methods in Econometrics*},
	author = {{MacKinnon}, {James G.}},
	year = {2006},
	month = {09},
	date = {2006-09},
	journal = {Economic Record},
	pages = {S2--S18},
	volume = {82},
	number = {s1},
	doi = {10.1111/j.1475-4932.2006.00328.x},
	url = {https://dx.doi.org/10.1111/j.1475-4932.2006.00328.x},
	langid = {en}
}

@article{carpenter2000,
	title = {Bootstrap confidence intervals: when, which, what? A practical guide for medical statisticians},
	author = {{Carpenter}, {James} and {Bithell}, {John}},
	year = {2000},
	date = {2000},
	journal = {Statistics in Medicine},
	pages = {1141--1164},
	volume = {19},
	number = {9},
	doi = {10.1002/(SICI)1097-0258(20000515)19:9<1141::AID-SIM479>3.0.CO;2-F},
	url = {https://onlinelibrary.wiley.com/doi/abs/10.1002/%28SICI%291097-0258%2820000515%2919%3A9%3C1141%3A%3AAID-SIM479%3E3.0.CO%3B2-F},
	note = {{\_}eprint: https://onlinelibrary.wiley.com/doi/pdf/10.1002/%28SICI%291097-0258%2820000515%2919%3A9%3C1141%3A%3AAID-SIM479%3E3.0.CO%3B2-F},
	langid = {en}
}

@article{westreich2013,
	title = {The Table 2 Fallacy: Presenting and Interpreting Confounder and Modifier Coefficients},
	author = {{Westreich}, {D.} and {Greenland}, {S.}},
	year = {2013},
	month = {01},
	date = {2013-01-30},
	journal = {American Journal of Epidemiology},
	pages = {292--298},
	volume = {177},
	number = {4},
	doi = {10.1093/aje/kws412},
	url = {https://dx.doi.org/10.1093/aje/kws412},
	langid = {en}
}

@article{austin2013a,
	title = {The use of propensity score methods with survival or time-to-event outcomes: reporting measures of effect similar to those used in randomized experiments},
	author = {{Austin}, {Peter C.}},
	year = {2013},
	month = {09},
	date = {2013-09-30},
	journal = {Statistics in Medicine},
	pages = {1242--1258},
	volume = {33},
	number = {7},
	doi = {10.1002/sim.5984},
	url = {https://dx.doi.org/10.1002/sim.5984},
	langid = {en}
}

@article{austin2020,
	title = {Covariate-adjusted survival analyses in propensity-score matched samples: Imputing potential time-to-event outcomes},
	author = {{Austin}, {Peter C.} and {Thomas}, {Neal} and {Rubin}, {Donald B.}},
	year = {2020},
	month = {03},
	date = {2020-03-01},
	journal = {Statistical Methods in Medical Research},
	pages = {728--751},
	volume = {29},
	number = {3},
	doi = {10.1177/0962280218817926},
	url = {https://doi.org/10.1177/0962280218817926},
	note = {Publisher: SAGE Publications Ltd STM},
	langid = {en}
}

@article{austin2020a,
	title = {Variance estimation when using propensity{-}score matching with replacement with survival or time{-}to{-}event outcomes},
	author = {{Austin}, {Peter C.} and {Cafri}, {Guy}},
	year = {2020},
	month = {02},
	date = {2020-02-28},
	journal = {Statistics in Medicine},
	pages = {1623--1640},
	volume = {39},
	number = {11},
	doi = {10.1002/sim.8502},
	url = {https://dx.doi.org/10.1002/sim.8502},
	langid = {en}
}

@article{austin2015a,
	title = {The performance of inverse probability of treatment weighting and full matching on the propensity score in the presence of model misspecification when estimating the effect of treatment on survival outcomes},
	author = {{Austin}, {Peter C.} and {Stuart}, {Elizabeth A.}},
	year = {2015},
	month = {04},
	date = {2015-04-30},
	journal = {Statistical Methods in Medical Research},
	pages = {1654--1670},
	volume = {26},
	number = {4},
	doi = {10.1177/0962280215584401},
	url = {https://dx.doi.org/10.1177/0962280215584401},
	langid = {en}
}

@article{austin2015b,
	title = {Optimal full matching for survival outcomes: a method that merits more widespread use},
	author = {{Austin}, {Peter C.} and {Stuart}, {Elizabeth A.}},
	year = {2015},
	month = {08},
	date = {2015-08-06},
	journal = {Statistics in Medicine},
	pages = {3949--3967},
	volume = {34},
	number = {30},
	doi = {10.1002/sim.6602},
	url = {https://dx.doi.org/10.1002/sim.6602},
	langid = {en}
}

@article{hong2010,
	title = {Marginal mean weighting through stratification: Adjustment for selection bias in multilevel data},
	author = {{Hong}, {Guanglei}},
	year = {2010},
	month = {10},
	date = {2010-10},
	journal = {Journal of Educational and Behavioral Statistics},
	pages = {499--531},
	volume = {35},
	number = {5},
	doi = {10.3102/1076998609359785},
	url = {https://journals.sagepub.com/doi/10.3102/1076998609359785},
	langid = {en}
}

@article{rudolph2016,
	title = {Optimally combining propensity score subclasses},
	author = {{Rudolph}, {Kara E.} and {Colson}, {K. Ellicott} and {Stuart}, {Elizabeth A.} and {Ahern}, {Jennifer}},
	year = {2016},
	date = {2016},
	journal = {Statistics in Medicine},
	pages = {4937--4947},
	volume = {35},
	number = {27},
	doi = {10.1002/sim.7046},
	url = {https://onlinelibrary.wiley.com/doi/abs/10.1002/sim.7046},
	note = {{\_}eprint: https://onlinelibrary.wiley.com/doi/pdf/10.1002/sim.7046},
	langid = {en}
}

@article{stampf2010,
	title = {Estimators and confidence intervals for the marginal odds ratio using logistic regression and propensity score stratification},
	author = {{Stampf}, {Susanne} and {Graf}, {Erika} and {Schmoor}, {Claudia} and {Schumacher}, {Martin}},
	year = {2010},
	date = {2010},
	journal = {Statistics in Medicine},
	pages = {760--769},
	volume = {29},
	number = {7-8},
	doi = {10.1002/sim.3811},
	url = {https://onlinelibrary.wiley.com/doi/abs/10.1002/sim.3811},
	note = {{\_}eprint: https://onlinelibrary.wiley.com/doi/pdf/10.1002/sim.3811},
	langid = {en}
}

@article{cameron2015,
	title = {A Practitioner{\textquoteright}s Guide to Cluster-Robust Inference},
	author = {{Cameron}, {A. Colin} and {Miller}, {Douglas L.}},
	year = {2015},
	month = {03},
	date = {2015-03-31},
	journal = {Journal of Human Resources},
	pages = {317--372},
	volume = {50},
	number = {2},
	doi = {10.3368/jhr.50.2.317},
	url = {https://jhr.uwpress.org/lookup/doi/10.3368/jhr.50.2.317},
	note = {Publisher: University of Wisconsin Press},
	langid = {en}
}

@article{desai2017,
	title = {A Propensity-score-based Fine Stratification Approach for Confounding Adjustment When Exposure Is Infrequent:},
	author = {{Desai}, {Rishi J.} and {Rothman}, {Kenneth J.} and {Bateman}, {Brian T.} and {Hernandez-Diaz}, {Sonia} and {Huybrechts}, {Krista F.}},
	year = {2017},
	month = {03},
	date = {2017-03},
	journal = {Epidemiology},
	pages = {249--257},
	volume = {28},
	number = {2},
	doi = {10.1097/EDE.0000000000000595},
	url = {https://Insights.ovid.com/crossref?an=00001648-201703000-00014},
	langid = {en}
}


@article{zubizarreta2014,
	title = {Matching for balance, pairing for heterogeneity in an observational study of the effectiveness of for-profit and not-for-profit high schools in Chile},
	author = {{Zubizarreta}, {Jos√© R.} and {Paredes}, {Ricardo D.} and {Rosenbaum}, {Paul R.}},
	year = {2014},
	month = {03},
	date = {2014-03},
	journal = {The Annals of Applied Statistics},
	pages = {204--231},
	volume = {8},
	number = {1},
	doi = {10.1214/13-AOAS713},
	url = {https://projecteuclid.org/euclid.aoas/1396966284},
	langid = {en}
}

@article{stuart2008,
	title = {Developing practical recommendations for the use of propensity scores: Discussion of {\textquoteleft}A critical appraisal of propensity score matching in the medical literature between 1996 and 2003{\textquoteright} by Peter Austin,Statistics in Medicine},
	author = {{Stuart}, {Elizabeth A.}},
	year = {2008},
	date = {2008},
	journal = {Statistics in Medicine},
	pages = {2062--2065},
	volume = {27},
	number = {12},
	doi = {10.1002/sim.3207},
	url = {https://dx.doi.org/10.1002/sim.3207},
	langid = {en}
}

@article{austin2014a,
	title = {The use of bootstrapping when using propensity{-}score matching without replacement: a simulation study},
	author = {{Austin}, {Peter C.} and {Small}, {Dylan S.}},
	year = {2014},
	month = {08},
	date = {2014-08-04},
	journal = {Statistics in Medicine},
	pages = {4306--4319},
	volume = {33},
	number = {24},
	doi = {10.1002/sim.6276},
	url = {https://dx.doi.org/10.1002/sim.6276},
	langid = {en}
}

@article{thoemmes2011,
	title = {A Systematic Review of Propensity Score Methods in the Social Sciences},
	author = {{Thoemmes}, {Felix J.} and {Kim}, {Eun Sook}},
	year = {2011},
	month = {02},
	date = {2011-02-07},
	journal = {Multivariate Behavioral Research},
	pages = {90--118},
	volume = {46},
	number = {1},
	doi = {10.1080/00273171.2011.540475},
	url = {https://dx.doi.org/10.1080/00273171.2011.540475},
	langid = {en}
}

@article{zakrison2018,
	title = {A systematic review of propensity score methods in the acute care surgery literature: avoiding the pitfalls and proposing a set of reporting guidelines},
	author = {{Zakrison}, {T. L.} and {Austin}, {Peter C.} and {McCredie}, {V. A.}},
	year = {2018},
	month = {06},
	date = {2018-06-01},
	journal = {European Journal of Trauma and Emergency Surgery},
	pages = {385--395},
	volume = {44},
	number = {3},
	doi = {10.1007/s00068-017-0786-6},
	url = {https://doi.org/10.1007/s00068-017-0786-6},
	langid = {en}
}

@article{stuart2010,
	title = {Matching Methods for Causal Inference: A Review and a Look Forward},
	author = {{Stuart}, {Elizabeth A.}},
	year = {2010},
	month = {02},
	date = {2010-02},
	journal = {Statistical Science},
	pages = {1--21},
	volume = {25},
	number = {1},
	doi = {10.1214/09-STS313},
	url = {https://projecteuclid.org/euclid.ss/1280841730},
	langid = {en}
}

@article{austin2013b,
	title = {A comparison of 12 algorithms for matching on the propensity score},
	author = {{Austin}, {Peter C.}},
	year = {2013},
	month = {10},
	date = {2013-10-07},
	journal = {Statistics in Medicine},
	pages = {1057--1069},
	volume = {33},
	number = {6},
	doi = {10.1002/sim.6004},
	url = {https://dx.doi.org/10.1002/sim.6004},
	langid = {en}
}

@article{rubin1973,
	title = {Matching to Remove Bias in Observational Studies},
	author = {{Rubin}, {Donald B.}},
	year = {1973},
	month = {03},
	date = {1973-03},
	journal = {Biometrics},
	pages = {159},
	volume = {29},
	number = {1},
	doi = {10.2307/2529684},
	url = {https://dx.doi.org/10.2307/2529684}
}

@article{hansen2006,
	title = {Optimal Full Matching and Related Designs via Network Flows},
	author = {{Hansen}, {Ben B.} and {Klopfer}, {Stephanie O.}},
	year = {2006},
	month = {09},
	date = {2006-09},
	journal = {Journal of Computational and Graphical Statistics},
	pages = {609--627},
	volume = {15},
	number = {3},
	doi = {10.1198/106186006X137047},
	url = {https://www.tandfonline.com/doi/abs/10.1198/106186006X137047},
	langid = {en}
}

@article{gu1993,
	title = {Comparison of Multivariate Matching Methods: Structures, Distances, and Algorithms},
	author = {{Gu}, {Xing Sam} and {Rosenbaum}, {Paul R.}},
	year = {1993},
	month = {12},
	date = {1993-12},
	journal = {Journal of Computational and Graphical Statistics},
	pages = {405},
	volume = {2},
	number = {4},
	doi = {10.2307/1390693},
	url = {https://www.jstor.org/stable/1390693?origin=crossref},
	langid = {en}
}

@article{hansen2004,
	title = {Full Matching in an Observational Study of Coaching for the SAT},
	author = {{Hansen}, {Ben B.}},
	year = {2004},
	month = {09},
	date = {2004-09},
	journal = {Journal of the American Statistical Association},
	pages = {609--618},
	volume = {99},
	number = {467},
	doi = {10.1198/016214504000000647},
	url = {https://www.tandfonline.com/doi/abs/10.1198/016214504000000647},
	langid = {en}
}

@article{stuart2008a,
	title = {Using full matching to estimate causal effects in nonexperimental studies: Examining the relationship between adolescent marijuana use and adult outcomes.},
	author = {{Stuart}, {Elizabeth A.} and {Green}, {Kerry M.}},
	year = {2008},
	month = {03},
	date = {2008-03},
	journal = {Developmental Psychology},
	pages = {395--406},
	volume = {44},
	number = {2},
	doi = {10.1037/0012-1649.44.2.395},
	url = {https://dx.doi.org/10.1037/0012-1649.44.2.395},
	langid = {en}
}

@article{sekhon2011,
	title = {Multivariate and Propensity Score Matching Software with Automated Balance Optimization: The Matching package for R},
	author = {{Sekhon}, {Jasjeet S.}},
	year = {2011},
	month = {06},
	date = {2011-06-14},
	journal = {Journal of Statistical Software},
	pages = {1--52},
	volume = {42},
	number = {1},
	doi = {10.18637/jss.v042.i07},
	url = {https://www.jstatsoft.org/index.php/jss/article/view/v042i07},
	note = {Number: 1},
	langid = {en}
}

@article{iacus2012,
	title = {Causal Inference without Balance Checking: Coarsened Exact Matching},
	author = {{Iacus}, {Stefano M.} and {King}, {Gary} and {Porro}, {Giuseppe}},
	year = {2012},
	date = {2012},
	journal = {Political Analysis},
	pages = {1--24},
	volume = {20},
	number = {1},
	doi = {10.1093/pan/mpr013},
	url = {https://www.cambridge.org/core/product/identifier/S1047198700012985/type/journal_article},
	langid = {en}
}

@article{iacus2009,
	title = {cem: Software for Coarsened Exact Matching},
	author = {{Iacus}, {Stefano M.} and {King}, {Gary} and {Porro}, {Giuseppe}},
	year = {2009},
	month = {06},
	date = {2009-06-25},
	journal = {Journal of Statistical Software},
	pages = {1--27},
	volume = {30},
	number = {1},
	doi = {10.18637/jss.v030.i09},
	url = {https://www.jstatsoft.org/index.php/jss/article/view/v030i09},
	note = {Number: 1},
	langid = {en}
}

@article{austin2010,
	title = {The performance of different propensity-score methods for estimating differences in proportions (risk differences or absolute risk reductions) in observational studies},
	author = {{Austin}, {Peter C.}},
	year = {2010},
	month = {01},
	date = {2010-01-27},
	journal = {Statistics in Medicine},
	pages = {2137--2148},
	volume = {29},
	number = {20},
	doi = {10.1002/sim.3854},
	url = {https://dx.doi.org/10.1002/sim.3854},
	langid = {en}
}

@article{orihara2021,
	title = {Determination of the optimal number of strata for propensity score subclassification},
	author = {{Orihara}, {Shunichiro} and {Hamada}, {Etsuo}},
	year = {2021},
	month = {01},
	date = {2021-01-01},
	journal = {Statistics & Probability Letters},
	pages = {108951},
	volume = {168},
	doi = {10.1016/j.spl.2020.108951},
	url = {https://www.sciencedirect.com/science/article/pii/S0167715220302546},
	langid = {en}
}

@article{austin2011a,
	title = {Optimal caliper widths for propensity{-}score matching when estimating differences in means and differences in proportions in observational studies},
	author = {{Austin}, {Peter C.}},
	year = {2011},
	month = {03},
	date = {2011-03},
	journal = {Pharmaceutical Statistics},
	pages = {150--161},
	volume = {10},
	number = {2},
	doi = {10.1002/pst.433},
	url = {https://dx.doi.org/10.1002/pst.433},
	langid = {en}
}

@article{king2019,
	title = {Why Propensity Scores Should Not Be Used for Matching},
	author = {{King}, {Gary} and {Nielsen}, {Richard}},
	year = {2019},
	month = {05},
	date = {2019-05-07},
	journal = {Political Analysis},
	pages = {1--20},
	doi = {10.1017/pan.2019.11},
	url = {https://www.cambridge.org/core/product/identifier/S1047198719000111/type/journal_article},
	langid = {en}
}

@article{austin2010a,
	title = {Statistical Criteria for Selecting the Optimal Number of Untreated Subjects Matched to Each Treated Subject When Using Many-to-One Matching on the Propensity Score},
	author = {{Austin}, {Peter C.}},
	year = {2010},
	month = {08},
	date = {2010-08-28},
	journal = {American Journal of Epidemiology},
	pages = {1092--1097},
	volume = {172},
	number = {9},
	doi = {10.1093/aje/kwq224},
	url = {https://dx.doi.org/10.1093/aje/kwq224},
	langid = {en}
}

@article{austin2011b,
	title = {An Introduction to Propensity Score Methods for Reducing the Effects of Confounding in Observational Studies},
	author = {{Austin}, {Peter C.}},
	year = {2011},
	month = {05},
	date = {2011-05-31},
	journal = {Multivariate Behavioral Research},
	pages = {399--424},
	volume = {46},
	number = {3},
	doi = {10.1080/00273171.2011.568786},
	url = {https://dx.doi.org/10.1080/00273171.2011.568786},
	langid = {en}
}

@article{abadie2006,
	title = {Large Sample Properties of Matching Estimators for Average Treatment Effects},
	author = {{Abadie}, {Alberto} and {Imbens}, {Guido W.}},
	year = {2006},
	month = {01},
	date = {2006-01},
	journal = {Econometrica},
	pages = {235--267},
	volume = {74},
	number = {1},
	doi = {10.1111/j.1468-0262.2006.00655.x},
	url = {https://doi.wiley.com/10.1111/j.1468-0262.2006.00655.x},
	langid = {en}
}

@article{abadie2016,
	title = {Matching on the Estimated Propensity Score},
	author = {{Abadie}, {Alberto} and {Imbens}, {Guido W.}},
	year = {2016},
	date = {2016},
	journal = {Econometrica},
	pages = {781--807},
	volume = {84},
	number = {2},
	doi = {10.3982/ECTA11293},
	url = {https://www.econometricsociety.org/doi/10.3982/ECTA11293},
	langid = {en}
}

@article{liang1986,
	title = {Longitudinal data analysis using generalized linear models},
	author = {{Liang}, {Kung-Yee} and {Zeger}, {Scott L.}},
	year = {1986},
	date = {1986},
	journal = {Biometrika},
	pages = {13--22},
	volume = {73},
	number = {1},
	doi = {10.1093/biomet/73.1.13},
	url = {https://academic.oup.com/biomet/article-lookup/doi/10.1093/biomet/73.1.13},
	langid = {en}
}

@article{austin2007a,
	title = {The performance of different propensity score methods for estimating marginal odds ratios},
	author = {{Austin}, {Peter C.}},
	year = {2007},
	date = {2007},
	journal = {Statistics in Medicine},
	pages = {3078--3094},
	volume = {26},
	number = {16},
	doi = {10.1002/sim.2781},
	url = {https://onlinelibrary.wiley.com/doi/abs/10.1002/sim.2781},
	note = {{\_}eprint: https://onlinelibrary.wiley.com/doi/pdf/10.1002/sim.2781},
	langid = {en}
}

@article{austin2009b,
	title = {Type I Error Rates, Coverage of Confidence Intervals, and Variance Estimation in Propensity-Score Matched Analyses},
	author = {{Austin}, {Peter C.}},
	year = {2009},
	month = {01},
	date = {2009-01-14},
	journal = {The International Journal of Biostatistics},
	volume = {5},
	number = {1},
	doi = {10.2202/1557-4679.1146},
	url = {https://dx.doi.org/10.2202/1557-4679.1146}
}

@article{austin2008,
	title = {The performance of different propensity-score methods for estimating relative risks},
	author = {{Austin}, {Peter C.}},
	year = {2008},
	month = {06},
	date = {2008-06},
	journal = {Journal of Clinical Epidemiology},
	pages = {537--545},
	volume = {61},
	number = {6},
	doi = {10.1016/j.jclinepi.2007.07.011},
	url = {https://dx.doi.org/10.1016/j.jclinepi.2007.07.011},
	langid = {en}
}

@article{austin2010b,
	title = {The performance of different propensity-score methods for estimating differences in proportions (risk differences or absolute risk reductions) in observational studies},
	author = {{Austin}, {Peter C.}},
	year = {2010},
	month = {01},
	date = {2010-01-27},
	journal = {Statistics in Medicine},
	pages = {2137--2148},
	volume = {29},
	number = {20},
	doi = {10.1002/sim.3854},
	url = {https://dx.doi.org/10.1002/sim.3854},
	langid = {en}
}

@article{vanderweele2019,
	title = {Principles of confounder selection},
	author = {{VanderWeele}, {Tyler J.}},
	year = {2019},
	month = {03},
	date = {2019-03},
	journal = {European Journal of Epidemiology},
	pages = {211--219},
	volume = {34},
	number = {3},
	doi = {10.1007/s10654-019-00494-6},
	url = {https://dx.doi.org/10.1007/s10654-019-00494-6},
	langid = {en}
}

@article{rosenbaum1983,
	title = {The central role of the propensity score in observational studies for causal effects},
	author = {{Rosenbaum}, {Paul R.} and {Rubin}, {Donald B.}},
	year = {1983},
	month = {04},
	date = {1983-04-01},
	journal = {Biometrika},
	pages = {41--55},
	volume = {70},
	number = {1},
	doi = {10.1093/biomet/70.1.41},
	url = {https://biomet.oxfordjournals.org/content/70/1/41},
	langid = {en}
}

@article{rubin1973a,
	title = {Matching to Remove Bias in Observational Studies},
	author = {{Rubin}, {Donald B.}},
	year = {1973},
	month = {03},
	date = {1973-03},
	journal = {Biometrics},
	pages = {159},
	volume = {29},
	number = {1},
	doi = {10.2307/2529684},
	url = {https://dx.doi.org/10.2307/2529684}
}

@article{cochran1973,
	title = {Controlling Bias in Observational Studies: A Review},
	author = {{Cochran}, {William G.} and {Rubin}, {Donald B.}},
	year = {1973},
	date = {1973},
	journal = {Sankhy{\={a}}: The Indian Journal of Statistics, Series A (1961-2002)},
	pages = {417--446},
	volume = {35},
	number = {4},
	url = {https://www.jstor.org/stable/25049893}
}

@article{hansen2008a,
	title = {The prognostic analogue of the propensity score},
	author = {{Hansen}, {Ben B.}},
	year = {2008},
	month = {02},
	date = {2008-02-04},
	journal = {Biometrika},
	pages = {481--488},
	volume = {95},
	number = {2},
	doi = {10.1093/biomet/asn004},
	url = {https://academic.oup.com/biomet/article-lookup/doi/10.1093/biomet/asn004},
	langid = {en}
}

@article{mao2018,
	title = {Propensity score weighting analysis and treatment effect discovery},
	author = {{Mao}, {Huzhang} and {Li}, {Liang} and {Greene}, {Tom}},
	year = {2018},
	month = {06},
	date = {2018-06-19},
	journal = {Statistical Methods in Medical Research},
	pages = {096228021878117},
	doi = {10.1177/0962280218781171},
	url = {https://journals.sagepub.com/doi/10.1177/0962280218781171},
	langid = {en}
}

@article{rosenbaum1985,
	title = {The Bias Due to Incomplete Matching},
	author = {{Rosenbaum}, {Paul R.} and {Rubin}, {Donald B.}},
	year = {1985},
	date = {1985},
	journal = {Biometrics},
	pages = {103--116},
	volume = {41},
	number = {1},
	doi = {10.2307/2530647},
	url = {https://www.jstor.org/stable/2530647}
}

@article{wang2020,
	title = {To use or not to use propensity score matching?},
	author = {{Wang}, {Jixian}},
	year = {2020},
	month = {08},
	date = {2020-08-10},
	journal = {Pharmaceutical Statistics},
	doi = {10.1002/pst.2051},
	url = {https://dx.doi.org/10.1002/pst.2051},
	langid = {en}
}

@article{austin2015c,
	title = {Estimating the effect of treatment on binary outcomes using full matching on the propensity score},
	author = {{Austin}, {Peter C.} and {Stuart}, {Elizabeth A.}},
	year = {2015},
	month = {09},
	date = {2015-09},
	journal = {Statistical Methods in Medical Research},
	pages = {2505--2525},
	volume = {26},
	number = {6},
	doi = {10.1177/0962280215601134},
	url = {https://dx.doi.org/10.1177/0962280215601134},
	langid = {en}
}

@article{austin2009c,
	title = {The Relative Ability of Different Propensity Score Methods to Balance Measured Covariates Between Treated and Untreated Subjects in Observational Studies},
	author = {{Austin}, {Peter C.}},
	year = {2009},
	month = {08},
	date = {2009-08-14},
	journal = {Medical Decision Making},
	pages = {661--677},
	volume = {29},
	number = {6},
	doi = {10.1177/0272989x09341755},
	url = {https://dx.doi.org/10.1177/0272989X09341755},
	langid = {en}
}

@article{rosenbaum1985a,
	title = {Constructing a Control Group Using Multivariate Matched Sampling Methods That Incorporate the Propensity Score},
	author = {{Rosenbaum}, {Paul R.} and {Rubin}, {Donald B.}},
	year = {1985},
	month = {02},
	date = {1985-02},
	journal = {The American Statistician},
	pages = {33},
	volume = {39},
	number = {1},
	doi = {10.2307/2683903},
	url = {https://dx.doi.org/10.2307/2683903}
}

@article{forbes2008,
	title = {Inverse probability weighted estimation of the marginal odds ratio: Correspondence regarding {\textquoteleft}The performance of different propensity score methods for estimating marginal odds ratios{\textquoteright} by P. Austin, Statictics in Medicine, 2007; 26:3078{\textendash}3094},
	author = {{Forbes}, {Andrew} and {Shortreed}, {Susan}},
	year = {2008},
	date = {2008},
	journal = {Statistics in Medicine},
	pages = {5556--5559},
	volume = {27},
	number = {26},
	doi = {10.1002/sim.3362},
	url = {https://onlinelibrary.wiley.com/doi/abs/10.1002/sim.3362},
	note = {{\_}eprint: https://onlinelibrary.wiley.com/doi/pdf/10.1002/sim.3362},
	langid = {en}
}

@article{dugoff2014,
	title = {Generalizing Observational Study Results: Applying Propensity Score Methods to Complex Surveys},
	author = {{DuGoff}, {Eva H.} and {Schuler}, {Megan} and {Stuart}, {Elizabeth A.}},
	year = {2014},
	month = {02},
	date = {2014-02},
	journal = {Health Services Research},
	pages = {284--303},
	volume = {49},
	number = {1},
	doi = {10.1111/1475-6773.12090},
	url = {https://doi.wiley.com/10.1111/1475-6773.12090},
	langid = {en}
}

@article{austin2016,
	title = {Propensity score matching and complex surveys},
	author = {{Austin}, {Peter C.} and {Jembere}, {Nathaniel} and {Chiu}, {Maria}},
	year = {2016},
	month = {07},
	date = {2016-07-26},
	journal = {Statistical Methods in Medical Research},
	pages = {1240--1257},
	volume = {27},
	number = {4},
	doi = {10.1177/0962280216658920},
	url = {https://dx.doi.org/10.1177/0962280216658920},
	langid = {en}
}

@article{lenis2019,
	title = {It{\textquoteright}s all about balance: propensity score matching in the context of complex survey data},
	author = {{Lenis}, {David} and {Nguyen}, {Trang Quynh} and {Dong}, {Nianbo} and {Stuart}, {Elizabeth A.}},
	year = {2019},
	month = {01},
	date = {2019-01-01},
	journal = {Biostatistics},
	pages = {147--163},
	volume = {20},
	number = {1},
	doi = {10.1093/biostatistics/kxx063},
	url = {https://academic.oup.com/biostatistics/article/20/1/147/4780267},
	langid = {en}
}

@article{rosenbaum2020,
	title = {Modern Algorithms for Matching in Observational Studies},
	author = {{Rosenbaum}, {Paul R.}},
	year = {2020},
	date = {2020},
	journal = {Annual Review of Statistics and Its Application},
	pages = {143--176},
	volume = {7},
	number = {1},
	doi = {10.1146/annurev-statistics-031219-041058},
	url = {https://doi.org/10.1146/annurev-statistics-031219-041058},
	note = {{\_}eprint: https://doi.org/10.1146/annurev-statistics-031219-041058}
}

@article{ming2000,
	title = {Substantial Gains in Bias Reduction from Matching with a Variable Number of Controls},
	author = {{Ming}, {Kewei} and {Rosenbaum}, {Paul R.}},
	year = {2000},
	month = {03},
	date = {2000-03},
	journal = {Biometrics},
	pages = {118--124},
	volume = {56},
	number = {1},
	doi = {10.1111/j.0006-341X.2000.00118.x},
	url = {https://doi.wiley.com/10.1111/j.0006-341X.2000.00118.x},
	langid = {en}
}
