
@STRING{ jasa = "Journal of the American Statistical Association"}
@article{Efron94,
	author={Bradley Efron},
	title={Missing data, imputation, and the bootstrap},
	journal={Journal of the American Statistical Association},
	volume={89},
	year={1994},
	pages={463-475},
	month={June},
	number={426}
}

@article{Lahlrl03,
	author={P. Lahlrl},
	title={On the impact of boostrapping in survey sampling and small area estimation},
	journal={Statistical Science},
	volume= 18,
	year= 2003,
	pages={199-210},
	number= 2
}

@book{Rubin87,
	author={Donald B. Rubin},
	title={Multiple imputation for nonresponse in surveys},
	publisher={John Wiley \& Sons},
	year={1987},
	address={New York}
}

@article{Rubin94,
	author={Donald B. Rubin},
	title={Missing data, imputation, and the bootstrap: Comment},
	journal={Journal of the American Statistical Association},
	volume={89},
	year={1994},
	pages={475-478},
	month={Jun},
	number={426}
}

@article{RubSch86,
	author={Donald Rubin and Nathaniel Schenker},
	title={Multiple imputation for interval estimation for simple random samples with
		ignorable nonresponse},
	journal= jasa,
	volume= 81,
	year= 1986,
	pages={366-374},
	number= 394
}

@book{Schafer97,
	author={Joseph L. Schafer},
	title={Analysis of incomplete multivariate data},
	publisher={Chapman \& Hall},
	year={1997},
	address={London}
}

@article{ShaSit96,
	author={Jun Shao and Randy R. Sitter},
	title={Bootstrap for imputed survey data},
	journal={Journal of the American Statistical Association},
	volume={91},
	year={1996},
	pages={1278-1288},
	month={September},
	number={435}
}

@article{MilKub05,
  title =	{{Why the move to free trade? Democracy and trade policy in the developing countries}},
  author =	{Helen Milner and Keiko Kubota},
  journal = 	{International Organization},
  volume = 	{59},
  number = 	{1},
  pages = 	{107--143},
  year = 	{2005}
}

@book{King89,
  author =	 {Gary King},
  title =	 {Unifying political methodology: The likelihood
                  theory of statistical inference},
  publisher =	 {Michigan University Press},
  year =	 1989,
  address =	 {Ann Arbor}
}

@article{HonKin10,
  author =	 {James Honaker and Gary King},
  title =	 {What to do about missing values in time series
                  cross-section data},
  journal =	 {American Journal of Political Science},
  year =	 {2010},
  volume =	 {54},
  number =	 {2},
  month =	 {April},
  pages =	 {561--581},
  note =	 {{http://gking.harvard.edu/files/abs/pr-abs.shtml}}
}

@article{KinHonJos01,
  author =	 {Gary King and James Honaker and Anne Joseph and
                  Kenneth Scheve},
  title =	 {Analyzing incomplete political science data: An
                  alternative algorithm for multiple imputation},
  journal =	 {American Political Science Review},
  volume =	 95,
  year =	 2001,
  pages =	 {49--69},
  month =	 {March},
  number =	 1 ,
  note =	 {{http://gking.harvard.edu/files/abs/evil-abs.shtml}}
}

@article{KinTomWit00,
  author =	 {Gary King and Michael Tomz and Jason Wittenberg},
  title =	 {Making the most of statistical analyses: Improving
                  interpretation and presentation},
  journal =	 {American Journal of Political Science},
  volume =	 44,
  year =	 2000,
  pages =	 {341--355},
  month =	 {April},
  number =	 2,
  note =	 {{http://gking.harvard.edu/files/abs/making-abs.shtml}}
}

@article{SchOls98,
	author={Joseph L. Schafer and Maren K. Olsen},
	title={Multiple imputation for multivariate missing-data problems: A data analyst's
		perspective},
	journal={Multivariate Behavioral Research},
	volume={33},
	year={1998},
	pages={545-571},
	number={4}
}

@article{DemLaiRub77,
	author={Arthur P. Dempster and N.M. Laird and D.B. Rubin},
	title={Maximum likelihood estimation from incomplete data via the em algorithm},
	journal={Journal of the Royal Statistical Society B},
	volume={39},
	year={1977},
	pages={1-38}
}

@article{AbaGelLev08,
  author =	 {Kobi Abayomi and Andrew Gelman and Marc Levy},
  title =	 {Diagnostics for multivariate imputations},
  journal =	 {Applied Statistics},
  volume =	 {57},
  number =	 {3},
  pages =	 {273--291},
  year =	 {2008}
}

@misc{HonJosKin98,
  author =	 {James Honaker and Anne Joseph and Gary King and
                  Kenneth Scheve and Naunihal Singh.},
  title =	 {\pkg{AMELIA}: A program for missing data},
  year =	 {1998-2002},
  note =	 {http://gking.harvard.edu/amelia}
}

@Manual{R11,
       title        = {\proglang{R}: A language and environment for statistical
                       computing},
       author       = {{\proglang{R} Development Core Team}},
       organization = {\proglang{R} Foundation for Statistical Computing},
       address      = {Vienna, Austria},
       year         = 2011,
       note         = {{ISBN} 3-900051-07-0},
       url          = {http://www.R-project.org}
     }