@inproceedings{langford2005,
  title={Estimating Class Membership Probabilities using Classifier Learners.},
  author={Langford, John and Zadrozny, Bianca},
  booktitle={AISTATS},
  year={2005}
}

@article{mease2007,
  title={Cost-Weighted Boosting with Jittering and Over/Under-Sampling: JOUS-boost},
  author={Mease, David and Wyner, A and Buja, Andreas},
  journal={J. Machine Learning Research},
  volume={8},
  pages={409--439},
  year={2007}
}

@inproceedings{elkan2001,
  title={The Foundations of Cost-Sensitive Learning},
  author={Elkan, Charles},
  booktitle={International joint conference on artificial intelligence},
  volume={17},
  number={1},
  pages={973--978},
  year={2001},
  organization={LAWRENCE ERLBAUM ASSOCIATES LTD}
}

@Manual{rpart,
  title = {\pkg{rpart}: Recursive Partitioning and Regression Trees},
  author = {Terry Therneau and Beth Atkinson and Brian Ripley},
  year = {2015},
  note = {\proglang{R} package version 4.1-9},
  url = {http://CRAN.R-project.org/package=rpart},
}

@Manual{jousboost,
  title = {\pkg{JOUSBoost}: Implements Under/Oversampling for Probability Estimation},
  author = {Matthew Olson},
  year = {2017},
  note = {\proglang{R} package version 2.1.0},
  url = {http://CRAN.R-project.org/package=JOUSBoost},
}

@Manual{r,
  title = {\proglang{R}: A Language and Environment for Statistical Computing},
  author = {{R Core Team}},
  organization = {R Foundation for Statistical Computing},
  address = {Vienna, Austria},
  year = {2015},
  url = {http://www.R-project.org/},
}

@article{friedman2000,
  title={Additive Logistic Regression: a Statistical View of Boosting (with discussion and a rejoinder by the authors)},
  author={Friedman, Jerome and Hastie, Trevor and Tibshirani, Robert and others},
  journal={The Annals of Statistics},
  volume={28},
  number={2},
  pages={337--407},
  year={2000},
  publisher={Institute of Mathematical Statistics}
}

@Article{kernlab,
  title = {\pkg{kernlab} -- An {S4} Package for Kernel Methods in \proglang{R}},
  author = {Alexandros Karatzoglou and Alex Smola and Kurt Hornik and Achim Zeileis},
  journal = {Journal of Statistical Software},
  year = {2004},
  volume = {11},
  number = {9},
  pages = {1--20},
  url = {http://www.jstatsoft.org/v11/i09/},
}

@Article{Rcpp,
  title = {\pkg{Rcpp}: Seamless \proglang{R} and \proglang{C++} Integration},
  author = {Dirk Eddelbuettel and Romain Fran\c{c}ois},
  journal = {Journal of Statistical Software},
  year = {2011},
  volume = {40},
  number = {8},
  pages = {1--18},
  url = {http://www.jstatsoft.org/v40/i08/},
}

@inproceedings{fan1999,
  title={AdaCost: Misclassification Cost-Sensitive Boosting},
  author={Fan, Wei and Stolfo, Salvatore J and Zhang, Junxin and Chan, Philip K},
  booktitle={Icml},
  pages={97--105},
  year={1999}
}

@article{chawla2002,
  title={SMOTE: Synthetic Minority Over-Sampling Technique},
  author={Chawla, Nitesh V. and Bowyer, Kevin W. and Hall, Lawrence O. and Kegelmeyer, W. Philip},
  journal={Journal of artificial intelligence research},
  volume={16},
  pages={321--357},
  year={2002}
}

@inproceedings{caruana2006,
  title={An Empirical Comparison of Supervised Learning Algorithms},
  author={Caruana, Rich and Niculescu-Mizil, Alexandru},
  booktitle={Proceedings of the 23rd international conference on Machine learning},
  pages={161--168},
  year={2006},
  organization={ACM}
}

@inproceedings{freund1996,
  title={Experiments with a New Boosting Algorithm},
  author={Freund, Yoav and Schapire, Robert E.},
  booktitle={ICML},
  volume={96},
  pages={148--156},
  year={1996}
}

@Manual{ada,
  title = {\pkg{ada}: an \proglang{R} Package for Stochastic Boosting},
  author = {Mark Culp and Kjell Johnson and George Michailidis},
  year = {2012},
  note = {\proglang{R} package version 2.0-3},
  url = {http://CRAN.R-project.org/package=ada},
}

@Manual{caret,
  title = {caret: Classification and Regression Training},
  author = {Max Kuhn. Contributions from Jed Wing and Steve Weston and Andre Williams and Chris Keefer and Allan Engelhardt and Tony Cooper and Zachary Mayer and Brenton Kenkel and the R Core Team and Michael Benesty and Reynald Lescarbeau and Andrew Ziem and Luca Scrucca.},
  year = {2015},
  note = {R package version 6.0-52},
  url = {http://CRAN.R-project.org/package=caret},
}

@Manual{gbm,
  title = {\pkg{gbm}: Generalized Boosted Regression Models},
  author = {Greg Ridgeway},
  year = {2015},
  note = {\proglang{R} package version 2.1.1},
  url = {http://CRAN.R-project.org/package=gbm},
}

@book{berk2008,
  title={Statistical Learning from a Regression Perspective},
  author={Berk, Richard A},
  year={2008},
  publisher={Springer Science \& Business Media}
}

@article{wang2008,
  title={Probability Estimation for Large-Margin Classifiers},
  author={Wang, Junhui and Shen, Xiaotong and Liu, Yufeng},
  journal={Biometrika},
  volume={95},
  number={1},
  pages={149--167},
  year={2008},
  publisher={Biometrika Trust}
}

@book{friedman2009,
  title={The Elements of Statistical Learning},
  author={Friedman, Jerome and Hastie, Trevor and Tibshirani, Robert},
  volume={2},
  year={2009},
  publisher={Springer series in statistics Springer, Berlin}
}

@Manual{foreach,
    title = {\pkg{foreach}: Foreach Looping Construct for \proglang{R}},
    author = {Revolution Analytics and Steve Weston},
    year = {2014},
    note = {\proglang{R} package version 1.4.2},
    url = {http://CRAN.R-project.org/package=foreach},
 }

@book{schapire2012,
  title={Boosting: Foundations and algorithms},
  author={Schapire, Robert E and Freund, Yoav},
  year={2012},
  publisher={MIT press}
}

@article{scikit,
  title={\pkg{Scikit-learn}: Machine learning in \proglang{Python}},
  author={Pedregosa, Fabian and Varoquaux, Ga{\"e}l and Gramfort, Alexandre and Michel, Vincent and Thirion, Bertrand and Grisel, Olivier and Blondel, Mathieu and Prettenhofer, Peter and Weiss, Ron and Dubourg, Vincent and others},
  journal={Journal of Machine Learning Research},
  volume={12},
  number={Oct},
  pages={2825--2830},
  year={2011}
}

@inproceedings{niculescu2005,
  title={Predicting Good Probabilities with Supervised Learning},
  author={Niculescu-Mizil, Alexandru and Caruana, Rich},
  booktitle={Proceedings of the 22nd international conference on Machine learning},
  pages={625--632},
  year={2005},
  organization={ACM}
}

  @Manual{doParallel,
    title = {\pkg{doParallel}: \pkg{foreach} Parallel Adaptor for the Parallel Package},
    author = {Revolution Analytics and Steve Weston},
    year = {2014},
    note = {\proglang{R} package version 1.0.8},
    url = {http://CRAN.R-project.org/package=doParallel},
  }

  @Manual{probsvm,
    title = {\pkg{probsvm}: Class Probability Estimation for Support Vector
Machines},
    author = {Chong Zhang and Seung Jun Shin and Junhui Wang and Yichao Wu and Hao Helen Zhang and Yufeng Liu},
    year = {2013},
    note = {\proglang{R} package version 1.00},
    url = {https://CRAN.R-project.org/package=probsvm},
  }
  
  @Manual{corelearn,
    title = {\pkg{CORElearn}: Classification, Regression and Feature Evaluation},
    author = {Marko Robnik-Sikonja and Petr Savicky},
    year = {2017},
    note = {\proglang{R} package version 1.50.3},
    url = {https://CRAN.R-project.org/package=CORElearn},
  }

@article{ranjan2010,
  title={Combining probability forecasts},
  author={Ranjan, Roopesh and Gneiting, Tilmann},
  journal={Journal of the Royal Statistical Society: Series B (Statistical Methodology)},
  volume={72},
  number={1},
  pages={71--91},
  year={2010},
  publisher={Wiley Online Library}
}

@article{chipman2010,
  title={BART: Bayesian additive regression trees},
  author={Chipman, Hugh A and George, Edward I and McCulloch, Robert E and others},
  journal={The Annals of Applied Statistics},
  volume={4},
  number={1},
  pages={266--298},
  year={2010},
  publisher={Institute of Mathematical Statistics}
}

@INPROCEEDINGS{platt1999,
    author = {John C. Platt},
    title = {Probabilistic Outputs for Support Vector Machines and Comparisons to Regularized Likelihood Methods},
    booktitle = {ADVANCES IN LARGE MARGIN CLASSIFIERS},
    year = {1999},
    pages = {61--74},
    publisher = {MIT Press}
}

@article{friedman2001greedy,
  title={Greedy function approximation: a gradient boosting machine},
  author={Friedman, Jerome H},
  journal={Annals of statistics},
  pages={1189--1232},
  year={2001},
  publisher={JSTOR}
}
