@article{chen_etal_2018_snowboot,
  author = {Chen, Y. and Gel, Y. R. and Lyubchich, V. and Nezafati, K.},
  title = {Snowboot: bootstrap methods for network inference},
  year = {2018},
  journal = {The R Journal},
  doi = {10.32614/RJ-2018-056},
  pages = {95--113},
  volume = {10},
  number = {2}
}

@book{davison_hinkley_1997,
  title={Bootstrap Methods and Their Application},
  author={Davison, A. C. and Hinkley, D. V.},
  address={Cambridge},
  year={1997},
  publisher={Cambridge University Press}
}

@article{efron_1979,
	title = {Bootstrap methods: Another look at the jackknife},
	volume = {7},
	number = {1},
	journal = {The Annals of Statistics},
	author = {Efron, B.},
	year = {1979},
	pages = {1--26},
	doi={10.1214/aos/1176344552}
}

@article{gel_etal_2017,
  title={Bootstrap quantification of estimation uncertainties in network degree distributions},
  author={Gel, Y. R. and Lyubchich, V. and Ramirez Ramirez, L. L.},
  journal={Scientific Reports},
  year={2017},
  volume={7},
  pages={5807},
  doi={10.1038/s41598-017-05885-x}
}

@article{newman_etal_2001,
	title = {Random graphs with arbitrary degree distributions and their applications},
	volume = {64},
	doi = {10.1103/PhysRevE.64.026118},
	number = {2},
	pages = {026118},
	journal = {Physical Review E},
	author = {Newman, M. E. J. and Strogatz, S. H. and Watts, D. J.},
	year = {2001}
}


@misc{noauthor_igraph_nodate,
	title = {igraph â€“ {Network} analysis software},
	url = {http://igraph.org/}
}

@article{snijders_borgatti_1999,
	title = {Non-parametric standard errors and tests for network statistics},
	volume = {22},
	number = {2},
	journal = {Connections},
	author = {Snijders, Tom A B and Borgatti, Stephen P.},
	year = {1999},
	pages = {61--70}
}

@article{thompson_etal_2016,
   author = {Thompson, M. E. and Ramirez Ramirez, L. L. and Lyubchich, V. and Gel, Y. R.},
   title = {Using the bootstrap for statistical inference on random graphs},
   journal = {Canadian Journal of Statistics},
   volume = {44},
   number = {1},
   pages = {3--24},
   year = {2016},
   doi={10.1002/cjs.11271}
}

