@PHDTHESIS{alenascott:2006,
   author = "Scott, A.",
   title = "Denoising by Wavelet Thresholding Using Multivariate Minimum Distance Partial Density Estimation",
   school = "Rice University",
   year = 2006,
}

@article{amzal:2006,
    author="Amzal, B. and Bois, F.Y. and Parent, E. and Robert, C.P.",
    year=2006,
    title="Bayesian-Optimal Design via Interacting Particle Systems",
    journal="Journal of the American Statistical Association",
    volume=474,
    pages="773-785",
	}

@article{armstrong:2002,
    author="Armstrong, S.A. and Staunton, J.E. and Silverman, L.B. and Pieters, R. and Boer, M.L. and Minden, M.D. and Sallan, E.S. and Lander, E.S. and Golub, T.R. and Korsmeyer, S.J.",
    year=2002,
    title="MLL translocations specify a distinct gene expression profile that distinguishes a unique leukemia",
    journal="Nature Genetics",
    volume=30,
    pages="41-47",
	}

@article{auer:2007,
    author="Auer, H. and Newsom, D.L. and Nowak, N.J. and McHugh, K.M. and Singh, S. and Yu, C.Y. and Yang, Y. and Wenger, G.D. and Gastier-Foster, J.M. Kornacker, K.",
    year=2007,
    title="Gene-resolution analysis of DNA copy number variation using oligonucleotide expression microarrays",
    journal="BMC Genomics",
    volume=8,
    pages=111,
        }


@Book{barlow:1972,
    author="Barlow , R. E. and Bartholomew , D. J. and Bremner, J. M. and Brunk, H. D.",
    year=1972,
    title="Statistical Inference under Order Restrictions. The Theory and Application of Isotonic Regression",
    publisher="Wiley",
	}

@article{bartholomew:1961,
    author="Bartholomew, D.J.",
    year=1961,
    title="A test of homogeneity of means under restricted alternatives",
    journal="Journal of the Royal Statistical Society B",
    volume=23,
    pages="239-281",
	}

@article{bayarri:2007,
    author="Bayarri, M.J. and Garcia-Donato, G.",
    year=2007,
    title="Extending conventional priors for testing general hypotheses in linear models",
    journal="Biometrika",
    volume=94,
    pages="135-152",
	}

@article{benjamini:1995,
    author="Benjamini, Y. and Hochberg, Y.",
    year=1995,
    title="Controlling the false discovery rate: A practical and powerful approach to multiple testing",
    journal="Journal of the Royal Statistical Society B",
    volume=57,
    pages="289-300",
	}

@article{benjamini:2001,
    author="Benjamini, Y. and Yekutieli, D.",
    year=2001,
    title="The control of the false discovery rate in multiple testing under dependency",
    journal="Annals of Statistics",
    volume=29,
    pages="1165-1188",
	}

@Inbook{berger:2001,
    author="Berger, J.O. and Pericchi, R.L.",
    year=2001,
    title="Objective {B}ayesian methods for model selection: introduction and comparison",
    booktitle="Model selection",
    editor= "P. Lahiri",
    publisher="Institute of Mathematical Statistics lecture notes - Monograph series",
    volume="38",
    pages="135-207",
	}

@article{berry:1991,
    author="Berry, D.A.",
    year=1991,
    title="Experimental design for drug development: A {B}ayesian approach",
    journal="Journal of Biopharmaceutical Sciences",
    volume=1,
    pages="81-101",
	}

@article{berry:1993,
    author="Berry, D.A.",
    year=1993,
    title="A case for {B}ayesianism in clinical trials",
    journal="Statistics in Medicine",
    volume=12,
    pages="1377-1404",
	}

@article{berry:1999,
    author="Berry, D.A. and Hochberg, Y.",
    year=1999,
    title="Bayesian perspectives of multiple comparisons",
    journal="Journal of Statistical Planning and Inference",
    volume=82,
    pages="215-227",
	}

@Inbook{berry:2001,
    author="Berry, D.A. and M{\"{u}}ller, P. and Grieve, A.P. and Smith, M. and Parke, T. and Blazed, R. and Mitchard, N. and Krams, M.",
    year=2001,
    title="Adaptive {B}ayesian Designs for Dose-Ranging Drug Trials",
    booktitle="Case Studies in {B}ayesian Statistics",
    publisher="Springer-Verlag",
    address="New York",
    volume="V",
	}

@article{bhattacharjee:2004,
    author="Bhattacharjee, M. and Pritchard, C.C. and Nelson, P.S. and Arjas, E.",
    year=2004,
    title="Bayesian integration functional analysis of microarray data",
    journal="Bioinformatics",
    volume=17,
    pages="2943-2953",
	}

@article{BIOC,
    author = {Gentleman, R.C. and Carey, V.J. and Bates,D.M. and Bolstad, B. and
Dettling, M. and Dudoit, S. and Ellis, B. and Gautier, L.
and Ge, Y. and Gentry, J. and Hornik, K. and
Hothorn, T. and Huber, W. and Iacus, S. and  Irizarry, R.
and Leisch, F. and Li, C. and Maechler, M. and Rossini, A.J.
and Sawitzki, G. and Smith, C. and Smyth, G. and Tierney, L.
and Yang, J.Y.H. and Zhang, J.},
  title = {Bioconductor: Open software development for
computational biology and bioinformatics},
  journal = {Genome Biology},
  volume = {5},
  year = {2004},
  pages = {R80},
  url = {http://genomebiology.com/2004/5/10/R80}
}

@book{box:1992,
    author = {Box, George E. P. and Tiao, George C.},
    title = {Bayesian inference in statistical analysis},
    year = {1992},
    pages = {588},
    publisher = {John Wiley \& Sons}
}

@article{brockwell:2003,
    author="Brockwell, A.E. and Kadane, J.B.",
    year=2003,
    title="A gridding method for {B}ayesian sequential decision problems",
    journal="Journal of Computational and Graphical Statistics",
    volume=12,
    pages="566-584",
	}

@article{callow:2000,
    author="Callow, M.J. and Dudoit, S. and Gong, E.L. and Speed, T.P. and Rubin, E.M.",
    year=2000,
    title="Microarray expression profiling identifies genes with altered expression in hdl-deficient mice",
    journal="Genome research",
    volume=10,
    pages="2022-2029",
	}

@inbook{carey:2005,
    author="Carey, V.J.",
    year=2005,
    title="Machine learning concepts and tools for statistical genomics",
    chapter=16,
    pages="273-292",
    publisher="Springer",
}

@article{carlin:1998,
    author="Carlin, B. and Kadane, J. and Gelfand, A.",
    year=1998,
    title="Approaches for optimal sequential decision analysis in clinical trials",
    journal="Biometrics",
    volume=54,
    pages="964-975",
	}

@article{castillo:2012,
  author={Castillo, I. and Van der Vaart, A. W.},
  year=2012,
  title={ Needles and Straw in a Haystack: Posterior Concentration for Possibly Sparse Sequences},
  journal={ The Annals of Statistics },
  volume= 40,
  number=4,
  pages={2069-2101},
}


@article{castillo:2014,
  author= {Castillo, I. and Nickl, R.},
  year= 2014,
  title= {On the {B}ernstein-von {M}ises phenomenon for nonparametric {B}ayes procedures},
  journal= {The Annals of Statistics},
  volume= 42,
  number= 5,
  pages= {1941-1969},
}

@article{castillo:2015,
  author={Castillo, I. and Schmidt-Hieber, J. and van der Vaart, A.W.},
  title={Bayesian linear regression with sparse priors},
  journal={The Annals of Statistics},
  year=2015,
  volume=43,
  number=5,
  pages={1986-2018},
}



@article{chekouo:2015,
  title={miRNA--target gene regulatory networks: A Bayesian integrative approach to biomarker selection with application to kidney cancer},
  author={Chekouo, T. and Stingo, F.C. and Doecke, J.D. and Do, K.-A.},
  journal={Biometrics},
  volume={71},
  number={2},
  pages={428-438},
  year={2015},
}

@techreport{chiogna:2007,
    author="Chiogna, M. and Massa, M.S. and Romualdi, C.",
    title="Effect of normalizations on detecting differentially expressed genes with c{DNA} microarray experiments",
    year=2007,
    institution="Universita degli studi di {P}adova, {D}ipartimento di scienze statistiche",
        }

@article{collazo:2016,
  title={A new family of non-local priors for chain event graph model selection},
  author={Collazo, Rodrigo A and Smith, Jim Q and others},
  journal={Bayesian Analysis},
  year={2016},
  volume={(in press)},
}

@inproceedings{consonni:2010,
	Author = {Consonni, G. and La Rocca, L.},
	Booktitle = {Bayesian Statistics 9 - {P}roceedings of the ninth {V}alencia international meeting},
	Editor = {Bernardo, J.M. and Bayarri, M.J. and Berger, J.O. and Dawid, A.P. and Heckerman, D. and Smith, A.F.M and West, M.},
	Pages = {119-144},
	Publisher = {Oxford University Press},
	Title = {On Moment Priors for {B}ayesian Model Choice with Applications to Directed Acyclic Graphs},
	Year = 2010}

@techreport{coombes:2007,
    author="Coombes, K. R. and Wang, J. and Baggerly, K.A.",
    year=2007,
    title="A statistical method for finding biomarkers from microarray data, with application to prostate cancer",
    institution="M.D. {A}nderson Cancer Center",
    Url="http://www.mdanderson.org/pdf/biostats_utmdabtr00704.pdf",
}

@article{cornish:1954,
    author="Cornish, E.A.",
    year=1954,
    title="The Multivariate t-Distribution Associated with a Set of Normal Sample Deviates",
    journal="Australian journal of physics",
    volume=7,
    pages="531-542",
}

@article{damsleth:1975,
    author="Damsleth, E.",
    year=1975,
    title="Conjugate classes for gamma distributions",
    journal="Scandinavian Journal of Statistics",
    volume=2,
    pages="80-84",
	}

@article{davidsoftware:2003,
    author= "Dennis, G. and Sherman, B.T. and Hosack, D.A and Yang, J. and  Baseler, M.W. and Lane, H.C. and Lempicki, R.A.",
    year= 2003,
    title="DAVID: Database for Annotation, Visualization, and Integrated Discovery",
    journal="Genome Biology",
    volume=4,
    pages="(5):P3",
}

@Book{degroot:1970,
    author="DeGroot, M.",
    year=1970,
    title="Optimal Statistical Decisions",
    publisher="McGraw Hill",
	}

@article{do:2005,
    author="Do, K. and M{\"{u}}ller, P. and Tang, F.",
    year=2005,
    title="A bayesian mixture model for differential gene expression",
    journal="Journal of the Royal Statistical Society C",
    volume=54,
    pages="627-664",
	}

@article{dudoit:2002,
    author="Dudoit, S. and Yang, H.Y. and Callow, M.J. and Speed, T.P.",
    year=2002,
    title="Statistical Methods for Identifying Differentially Expressed Genes in Replicated c{DNA} Microarray Experiments",
    journal="Statistica Sinica",
    volume=12,
    pages="972-977",
	}

@article{dudoit:2002b,
    author="Dudoit, S. and Fridlyand, J. and Speed, T.P.",
    year=2002,
    title="Comparison of discrimination methods for the  classification of tumors using gene expression data",
    journal="Journal of the Americal Statistical Association",
    volume=97,
    pages="77-87",
	}

@article{dudoit:2003,
    author="Dudoit, S. and Shaffer, J.P. and Boldrick, J.C.",
    year=2003,
    title="Multiple Hypothesis Testing in Microarray Experiments",
    journal="Statistical Science",
    volume=18,
    pages="71-103",
	}

@article{dunson:2003,
    author="Dunson, D. and Neelon, B.",
    year=2003,
    title="Bayesian Inference on Order-Constrained Parameters in Generalized Linear Models",
    journal="Biometrics",
    volume=59,
    pages="286-295",
	}

@article{efron:1973,
    author="Efron, B. and Morris, C.",
    year=1973,
    title="Combining possibly related estimation problems (with discussion)",
    journal="Journal of the {R}oyal Statistical Society, Series B",
    volume=35,
    pages="379 –421",
        }

@article{efron:1977,
    author="Efron, B. and Morris, C.",
    year=1977,
    title="Stein’s paradox in statistics",
    journal="Scientific American",
    volume=236,
    pages="119 –127",
        }

@article{efron:2001,
    author="Efron, B. and Tibshirani, R. and Storey, J.D. and Tusher, V.",
    year=2001,
    title="Empirical {B}ayes Analysis of a Microarray Experiment",
    journal="Journal of the Americal Statistical Association",
    volume=96,
    pages="1151-1160",
	}

@article{efron:2002,
    author="Efron, B. and Tibshirani, R.",
    year=2002,
    title="Empirical bayes methods and false discovery rates for microarrays",
    journal="Genetic Epidemiology",
    volume=23,
    pages="70-86",
	}

@article{efron:2004,
    author="Efron, B.",
    year=2004,
    title="Large-scale simultaneous hypothesis testing: the choice of a null hypothesis",
    journal="Journal of the American Statistical Association",
    volume=99,
    pages="96-104",
	}

@article{fraley:2003,
            author = "Fraley, C. and Raftery, A.E.",
            title = "Enhanced Software for
                    Model-Based Clustering, Density Estimation,
                     and Discriminant Analysis: {MCLUST}",
            journal = "Journal of Classification",
            volume = 20,
            pages = "263-286",
            year = 2003}

@article{fu:2005,
    author="Fu, W.J. and Dougherty, E.R. and Mallick, B. and Carroll, R.J.",
    year=2005,
    title="How Many Sample Are Needed to Build a Classifier: A General Sequential approach",
    journal="Bioinformatics",
    volume=21,
    pages="63-70",
	}

@article{fuquene:2018,
  author= {F\'uquene, J. and Steel, M.F.J. and Rossell, D.},
  title= {On choosing mixture components via non-local priors},
  year= 2018,
  journal= {arXiv 1604.00314v3},
  pages= {1-43},
}

@article{gelfand:1990,
    author="Gelfand, A.E. and Smith, A.F.M.",
    year=1990,
    title="Sampling Based Approaches to Calculating Marginal Densities",
    journal="Journal of the American Statistical Association",
    volume=85,
    pages="398-409",
	}

@article{gelfand:1992,
    author="Gelfand, A.E. and Smith, A.F.M. and Lee, T.M.",
    year=1992,
    title="Bayesian Analysis of Constrained Parameter and Truncated Data Problems Using Gibbs Sampling",
    journal="Journal of the American Statistical Association",
    volume=87,
    pages="523-532",
	}


@Book{gelman:2004,
    author="Gelman, A. and Carlin, J.B. and Stern, H.S. and Rubin, D.B.",
    year=2004,
    title="Bayesian Data Analysis",
    edition="2nd",
    publisher="Chapman \& Hall",
	}

@article{geman:1984,
       author= "Geman, D. and Geman, S.",
       year=1984,
       title="Stochastic Relaxation, {G}ibbs Distributions,
and the {B}ayesian Restoration of Images",
       journal="IEEE Transactions on Pattern Analysis and Machine Intelligence",
       volume= 6,
       pages="721-741",
         }

@article{genovese:2002,
    author="Genovese, C. and Wasserman, L.",
    year=2002,
    title="Operating characteristics and extensions of the false discovery rate procedure",
    journal="Journal of the Royal Statistical Society B",
    volume=64,
    pages="499-518",
	}

@article{golub:1999,
    author="Golub, T.R. and Slonim, D.K. and Tamayo, P. and Huard, C. and  Gaasenbeek, M. and Mesirov, J.P. and Coller, H. and Loh, M.L. and Downing, J.R. and Caligiuri, M.A. and Bloomfield, C.D. and Lander, E.S.",
    year=1999,
    title="Molecular classification of cancer: class discovery and class prediction by gene expression monitoring",
    journal="Science",
    volume=286,
    pages="531-537",
	}

@article{gotoolbox:2004,
    author="Martin, D. and Brun, C. and Remy, E. and Mouren, P. and Thieffry, D. and Jacq, B.",
    year=2004,
    title="GOToolBox: functional analysis of gene datasets based on Gene Ontology",
    journal="Genome Biology",
    volume=5,
    pages="R101",
        }

@Book{gupta:2004,
    author="Gupta, A.K. and Nadarajah, S.",
    year=2004,
    title="Handbook of beta distribution and its applications",
    publisher="Marcel Dekker, Inc.",
	}

@book{hampel:1986,
  AUTHOR = "Hampel, F. and Ronchetti, E. and Rousseeuw, P. and Stahel, W.",
  TITLE  = "Robust Statistics - The Approach Based on Influence Functions",
  PUBLISHER = "Wiley",
  YEAR = "1986",
  ADDRESS = "New York"
}

@article{hardwick:2002,
    author="Hardwick, J. and Stout, Q.F.",
    year=2002,
    title="Optimal few-stage designs",
    journal="Journal of Statistical Planning and Inference",
    volume=104,
    pages="121-145",
}

@article{hayter:1990,
    author="Hayter, A.J.",
    year=1990,
    title="A one-sided studentized range test for testing against a simple ordered alternative",
    journal="Journal of the American Statistical Association",
    volume=85,
    pages="778-785",
}

@article{hayter:1996,
    author="Hayter, A.J. and Liu, W.",
    year=1996,
    title="Exact calculations for the one-sided studentized range test for testing against a simple ordered alternative",
    journal="Computational Statistics and Data Analysis",
    volume=22,
    pages="17-25",
}

@article{holmes:2003,
    author="Holmes, C.C. and Heard, N.A.",
    year=2003,
    title="Generalized monotonic regression using random change points",
    journal="Statistics in medicine",
    volume=22,
    pages="623-638",
}

@book{huber:1981,
  AUTHOR = "Huber, P.",
  TITLE  = "Robust Statistics",
  PUBLISHER = "Wiley",
  YEAR = "1981",
  ADDRESS = "New York"
}

@article{huntjens:2006,
    author="Huntjens, R.J.C. and Peters, M.L. and Woertman, L. and Bovenschen, L.M. and Martin, R.C. and Postma, A.",
    year=2006,
    title="Inter-identity amnesia in dissociative identity disorder: a simulated memory impairment?",
    journal="Psychological medicine",
    volume=36,
    pages="857-863",
}


@Misc{jager:2003,
    author="J{\"{a}}ger, J. and Spang, R.",
    year=2003,
    title="Design of a clinical microarray chip",
    howpublished="The Sevent Annual International Conference on Research in Computational Molecular Biology",
	}

@article{jawitz:2004,
    author="Jawitz, J.W.",
    year=2004,
    title="Moments of truncated continuous univariate distributions",
    journal="Advances in Water Resources",
    volume=27,
    pages="269-281",
	}

@Book{jennison:1999,
    author="Jennison, C. and Turbull, B.W.",
    year=1999,
    title="Group Sequential Methods with Applications to Clinical Trials",
    publisher="Chapman \& Hall/CRC",
	}

@article{johnson:1992,
    author="Johnson, V.E.",
    year=1992,
    title="A Technique for Estimating Marginal Posterior Densities in Hierarchical Models Using Mixtures of Conditional Densities",
    journal="Journal of American Statistical Association",
    volume=87,
    pages="852-860",
        }

@article{johnson:2010,
        author= "Johnson, V.E. and Rossell, D.",
        title= "Prior Densities for Default Bayesian Hypothesis Tests",
        journal= "Journal of the Royal Statistical Society B",
        volume=72,
        pages="143-170",
        year="2010"
        }

@article{johnson:2012,
	Author = {Johnson, V.E. and Rossell, D.},
	Title = {Bayesian model selection in high-dimensional settings},
        Journal = {Journal of the American Statistical Association},
	Year = 2012,
        Volume = 24,
        Number= 498,
        Pages= "649-660"}

@Misc{kadane:1997,
    author="Kadane, J.B.",
    year=1997,
    title="Discussion of Robust {B}ayesian design and analysis of clinical trials via prior partitioning by D.J. Sargent and B.P. Carlin",
    howpublished="In {B}ayesian Robustness, IMS Lecture Notes-Monograph",
    volume=29,
    pages="190-191",
	}

@article{kendziorski:2003,
    author="Kendziorski, C.M. and Newton, M.A. and Lan, H. and Gould, M.N.",
    year=2003,
    title="On parametric empirical bayes methods for comparing multiple groups using replicated gene expression profiles",
    journal="Statistics in Medicine",
    volume=22,
    pages="3899-3914",
	}

@article{klugkist:2005a,
    author="Klugkist, I. and Laudy, O. and Hoijtink, H.",
    year=2005,
    title="Inequality constrained analysis of variance: a {B}ayesian approach",
    journal="Psychological methods",
    volume="10",
    pages="477-493",
        }

@article{klugkist:2005b,
    author="Klugkist, I. and Kato, B. and Hoijtink, H.",
    year=2005,
    title="Bayesian model selection using encompassing priors",
    journal="Statistica Neerlandica",
    volume=59,
    pages="57-69",
        }

@article{kraemer:1979,
    author="Kraemer, H.C. and Paik, M.",
    year=1979,
    title="A central t approximation to the noncentral t distribution",
    journal="Tehcnometrics",
    volume=21,
    pages="357-360",
        }

@ARTICLE{langaas:2005,
        AUTHOR =        {Langaas, M. and Lindqvist, B. H. and Ferkingstad, E.},
        TITLE =         {Estimating the proportion of true null
hypotheses, with application to {DNA} microarray data},
        JOURNAL =        {Journal of the Royal Statistical Society B},
        Volume =        {67},
        Pages =         {555-572},
        YEAR =          {2005},
        }

@article{lapointe:2004,
    author="Lapointe, J. and Li, C. and Higgins, J.P and Rijn, M. and Bair, E. and Montgomery, K. and Ferrari, M. and Egevad, L. and Rayford, W. and Bergerheim, U. and Ekman, P. and DeMarzo, A.M. and Tibshirani, R. and Botstein, D. and Brown, P.O. and Brooks, J.D. and Pollack, J.R.",
    year=2004,
    title="Gene expression profiling identifies clinically relevant subtypes of prostate cancer",
    journal="Proceedings of the National Academy of Science",
    volume=101,
    pages="811-816",
	}

@article{leung:2001,
    author="Leung, D.H.Y. and Wang, Y.G.",
    year=2001,
    title="Optimal designs for evaluating a series of treaments",
    journal="Biometrics",
    volume=57,
    pages="168-171",
	}

@article{liang:2008,
	Author = {Liang, F. and Paulo, R. and Molina, G. and Clyde, M.A. and Berger, J.O.},
	Journal = {Journal of the American Statistical Association},
	Pages = {410-423},
	Title = {Mixtures of g-priors for {B}ayesian Variable Selection},
	Volume = 103,
	Year = 2008}

@article{lindley:1957,
    author="Lindley, D.V.",
    year=1957,
    title="A statistical paradox",
    journal="Biometrika",
    volume=44,
    pages="187-192",
	}

@article{lonnstedt:2002,
    author="L{\"{o}}nnstedt, I. and Speed, T.",
    year=2002,
    title="Replicated microarray data",
    journal="Statistica Sinica",
    volume=12,
    number=1,
	}

@article{mack:1981,
    author="Mack, G.A. and Wolfe, D.A.",
    year=1981,
    title="K-Sample Rank Test for Umbrella Alternatives",
    journal="Journal of the American Statistical Association",
    volume=76,
    pages="175-181",
	}

@article{marin:2008,
    author    = {Marin, J. M. Robert, C.P.},
    year      = 2008,
    title     = {Approximating the marginal likelihood in mixture models},
    journal   = "Bulleting of the Indian Chapter of ISBA",
    volume    = "1",
    pages     = {2-7},
}

@PhdThesis{meichun:2006,
  author = 	 {Ding, Meichun},
  title = 	 {Bayesian Optimal Design for Phase II Screening Trials},
  school = 	 {M.D. Anderson Cancer Center and Rice University},
  year = 	 {2006},
}

@article{miller:1980,
    author="Miller, R.B.",
    year=1980,
    title="Bayesian Analysis of the Two-Parameter Gamma Distribution",
    journal="Technometrics",
    volume=22,
    pages="65-69",
	}

@article{mueller:1995,
    author="M{\"{u}}ller, P. and Parmigiani, G.",
    year=1995,
    title="Optimal design via curve fitting of Monte Carlo experiments",
    journal="Journal of the American Statistical Association",
    volume=90,
    pages="1322-1330",
	}

@article{mueller:2004,
    author="M{\"{u}}ller, P. and Parmigiani, G. and Robert, C. and Rousseau, J.",
    year=2004,
    title="Optimal sample size for multiple testing: the case of gene expression microarrays",
    journal="Journal of the American Statistical Association",
    volume=99,
    pages="990-1001",
	}

@article{mullerquintana:2004,
	author = {M{\"{u}}ller, P. and Quintana, F.A. },
	journal = {Statistical Science},
	number = {1},
	pages = {95-110},
	title = {Nonparametric Bayesian Data Analysis},
	url = {http://www.projecteuclid.org/Dienst/UI/1.0/Summarize/euclid.ss/1089808275},
	volume = {19},
	year = {2004}
}

@Inbook{mueller:2007,
    author="M{\"{u}}ller, P. and Parmigiani, G. and Rice, K.",
    year= 2007,
    title="FDR and Bayesian Multiple Comparisons Rules",
    booktitle="Bayesian Statistics 8",
    editor="Bernardo, J.M. and Bayarri, S. and Berger, J.O. and Dawid, A.P. and Heckerman, D. and Smith, A.F.M. and West, M.",
    publisher="Oxford University Press",
        }

@article{neelon:2004,
    author="Neelon, B. and Dunson, D.",
    year=2004,
    title="Bayesian Isotonic Regression and Trend Analysis",
    journal="Biometrics",
    volume=60,
    pages="398-406",
	}

@article{newton:2001,
    author="Newton, M.A. and Kendziorski, C.M. and Richmond, C.S and Blattner, F.R. and Tsui, K.W.",
    year=2001,
    title="On differential variability of expression ratios: Improving statistical inference about gene expression changes from microarray data",
    journal="Journal of Computational Biology",
    volume=8,
    pages="37-52",
	}

@Inbook{newton:2003,
    author="Newton, M.A. and Kendziorski, C.M.",
    year=2003,
    title="Parametric Empirical {B}ayes Methods for Microarrays",
    booktitle="The analysis of gene expression data: methods and software",
    publisher="Springer Verlag",
    address="New York",
	}

@article{newton:2004,
    author="Newton, M.A. and Noueriry, A. and Sarkar, D. and Ahlquist, P.",
    year=2004,
    title="Detecting differential gene expression with a semiparametric hierarchical mixture model",
    journal="Biostatistics",
    volume=5,
    pages="155-176",
	}

@article{nguyen:2005,
    author="Nguyen, D.V.",
    year=2005,
    title="A Unified Computational Framework to Compare Direct and Sequential False Discovery Rate Algorithms for Exploratory {DNA} Microarray Studies",
    journal="Journal of Data Science",
    volume=3,
    pages="331-352",
	}

@article{nikooienejad:2016,
  title={Bayesian Variable Selection for Binary Outcomes in High Dimensional Genomic Studies Using Non-Local Priors},
  author={Nikooienejad, Amir and Wang, Wenyi and Johnson, Valen E},
  journal={Bioinformatics},
  volume={btv764},
  pages={1-8},
  year={2016},
}

@book{numrecipes:1992,
    author = "Press, W.H. and Flannery, B.P. and Teukolsky, S.A. and Vetterling, W.T.",
    title = "Numerical Recipes: The Art of Scientific Computing",
    edition = "2nd",
    publisher = "Cambridge University Press",
    address = "Cambridge (UK) and New York",
    year = 1992,
    isbn = "0-521-43064-X",
}

@article{owen:1965,
    author="Owen, D.B.",
    year=1965,
    title="A special case of a bivariate non-central t-distribution",
    journal="Biometrika",
    volume=52,
    pages="437-446",
        }

@article{pan:2002,
    author="Pan, W. and Lin, J. and Le, C.T.",
    year=2002,
    title="Model-Based Cluster Analysis of Microarray Gene Expression Data",
    journal="Genome Biology",
    volume=3,
    pages="research0009.1-0009.8",
	}

@Inbook{pan:2003,
    author="Pan, W. and Lin, J. and Le, C.T.",
    year=2003,
    title="A Mixture Model Approach to Detecting Differentially Expressed Genes with Microarray Data",
    booktitle="Functional \& Integrative Genomics",
    publisher="Springer-Verlag GmbH",
    pages="117-124",
	}


@article{papaspiliopoulos:2016,
  author={Papaspiliopoulos, O. and Rossell, D.},
  year= 2016,
  title= {Scalable variable selection and model averaging under block-orthogonal design},
  journal= {arXiv},
  pages= {1-19},
}


@article{parmigiani:2002,
    author="Parmigiani, G. and Garret, E.S. and Anbazhagan, R. and Gabrielson, E.",
    year=2002,
    title="A statistical framework for expression-based molecular classification in cancer",
    journal="Journal of the Royal Statistical Society B",
    volume=64,
    pages="717-736",
	}

@book{parmigiani:2003,
    title="The Analysis of Gene Expression Data",
    year=2003,
    editor="Parmigiani, G. and Garett, E.S. and Irizarry, R.A. and Zeger, S.L.",
    publisher="Springer",
        }

@article{pounds:2003,
    author="Pounds, S. and Morris, S.W.",
    year=2003,
    title="Estimating the occurrence of false positives and false negatives in microarray studies by approximating and partitioning the empirical distribution of p-values",
    journal="Bioinformatics",
    volume=10,
    pages="1236-1242",
	}

@Book{robertson:1988,
    author="Robertson, T. and Wright, F.T. and Dykstra, R.L.",
    year=1988,
    title="Order restricted statistical inference",
    publisher="Wiley",
	}

@techreport{rossell:2007,
    author="Rossell, D.",
    year=2007,
    title="Ga{G}a: a simple and flexible hierarchical model for microarray data analysis",
    institution="{M}.{D}. {A}nderson cancer center",
    url="http://rosselldavid.googlepages.com",
}

@Inbook{rossell:2007b,
    author="Rossell, D. and Baladandayuthapani, V. and Johnson, V.E.",
    year=2007,
    title="Bayes Factors Based on Test Statistics under Order Restrictions",
    booktitle="Informed inference",
    editor= "Hoijtink, H. and Klugkist, I. and Boelen, P.",
    publisher="To appear",
	}

@techreport{rossell:2007c,
    author="Rossell, D. and Guerra, R. and Scott, C.",
    year=2007,
    title="Semi-parametric Differential Expression Analysis via Partial Mixture Estimation",
    institution="Institute for Research in Biomedicine, Barcelona",
    url="http://rosselldavid.googlepages.com",
}

@inproceedings{rossell:2013b,
	Author = {Rossell, D. and Telesca, D. and Johnson, V.E.},
	Booktitle = {Statistical Models for Data Analysis {XV}},
	Title = {High-dimensional {B}ayesian classifiers using non-local priors},
	Publisher = {Springer},
        Pages={305-314},
	Year = {2013}}

@article{rossell:2017,
  author={Rossell, D. and Telesca, D.},
  title={Non-local priors for high-dimensional estimation},
  year=2017,
  journal= {Journal of the American Statistical Association},
  volume= {112},
  pages= {254-265},
}

@article{rossell:2018,
  author= {Rossell, D.},
  title= {A framework for posterior consistency in model selection},
  journal= {arXiv},
  year= 2018,
  volume= {1806.04071},
  pages= {1-58},
}

@article{rossell:2018b,
  author={Rossell, D. and Rubio, F.J.},
  title={Tractable Bayesian variable selection: beyond normality},
  year=2018,
  journal= {Journal of the American Statistical Association},
  volume= {113},
  number= {524},
  pages= {1742-1758},
}

@Manual{rpkg:affy,
  title = {affy: Methods for Affymetrix Oligonucleotide Arrays},
  author = {Irizarry, R.A. and Gautier, L. and Bolstad, B.M. and Miller, C. with contributions from Astrand, M. and Cope, L.M. and Gentleman, R. and Gentry, J. and Halling, C. and Huber, W. and MacDonald J. and Rubinstein, B.I.P and Workman, C. and Zhang, J.},
  year = {2005},
  note = {R package version 1.8.1},
}


@Manual{rpkg:ClassComparison,
  title = {ClassComparison: Classes and methods for "class comparison" problems on microarrays},
  author = {Kevin R. Coombes},
  year = {2005},
  note = {R package version 1.1},
}

@Manual{rpkg:EBarrays,
  title = {EBarrays: Empirical {B}ayes for Microarrays},
  author = {Christina Kendziorski and Michael Newton and Deepayan Sarkar},
  year = {2005},
  note = {R package version 1.2.0},
}

@Manual{rpkg:gcrma,
    title = {gcrma: Background Adjustment Using Sequence Information},
    author = {Wu, J. and Irizarry, R. with contributions from Gentry, J.M.J.},
    year = {2007},
    note = {R package version 2.8.1},
}

@Manual{rpkg:Mclust,
    author = "Fraley, C. and Raftery, A.E.",
    title = "{MCLUST} Version 3 for {R}: {N}ormal Mixture Modeling and Model-Based Clustering",
    number = "504",
    address = "Department of Statistics",
    institution = "University of Washington",
    year = 2006}

@Manual{rpkg:MCMCpack,
    title = {MCMCpack: Markov chain Monte Carlo (MCMC) Package},
    author = {Andrew D. Martin and Kevin M. Quinn and Jong Hee Park},
    year = {2007},
    note = {R package version 0.9-2},
    url = {http://mcmcpack.wustl.edu},
}

@Manual{rpkg:quantreg,
    title = {quantreg: Quantile Regression},
    author = {Roger Koenker},
    year = {2007},
    note = {R package version 4.10},
    url = {http://www.r-project.org},
}

@Manual{rpkg:siggenes,
    title = {siggenes: Multiple testing using SAM and Efron's empirical Bayes
approaches},
    author = {Holger Schwender},
    year = {2007},
    note = {R package version 1.13.2},
}

@Manual{rsoftware,
  title = {R: A language and environment for statistical computing},
  author = {{R Development Core Team}},
  organization = {R Foundation for Statistical Computing},
  address = {Vienna, Austria},
  year = {2007},
  note = {{ISBN} 3-900051-07-0},
  url = {http://www.R-project.org},
}

@Techreport{schwender:2003,
    author="Schwender, H. and Krause, A. and Ickstadt, K.",
    year=2003,
    title="Comparison of the Empirical {B}ayes and the Significance Analysis of Microarrays",
    number="44",
	}

@article{scott:2001,
    author="Scott, D.W.",
    year=2001,
    title="Parametric Statistical Modeling by Minimum Integrated Square Error",
    journal="Technometrics",
    volume=43,
    pages="274-285",
	}

@Misc{scott:2004,
    author="Scott, D.W.",
    year=2004,
    title="Oulier detection and clustering by partial mixture modelling",
    howpublished="Proceedings of COMPTSTAT, Ed. Antoch.",
    pages= "453-464",
}

@incollection{scott:2004b,
  AUTHOR = "D. W. Scott",
  TITLE  = "Partial Mixture Estimation and Outlier Detection in Data
and Regression",
  editor = "M. Hubert and G. Pison and A. Struyf and S. Van Aelst",
  PAGES = "297--306",
  booktitle = "Theory and Applications of Recent Robust Methods",
  series = "Statistics for Industry and Technology",
  publisher = {Birkh\"{a}user},
  address = "Basel, Switzerland",
  YEAR = "2004"}

@article{scott:2010,
  author="Scott, J.G. and Berger, J.O",
  title="Bayes and empirical {B}ayes multiplicity adjustment in the variable selection problem",
  journal="The Annals of Statistics",
  year=2010,
  volume=38,
  number=5,
  pages="2587-2619",
}


@article{shin:2015,
  author= {Shin, M. and Bhattacharya, A. and Johnson, V.E.},
  title= {Scalable {B}ayesian variable selection using nonlocal prior densities in ultrahigh-dimensional settings},
  year= 2015,
  journal= {Texas A\&M University (technical report)},
  pages= {1-33},
}


@book{silvapulle:2004,
    author="Silvapulle, M.J. and Sen, P.K.",
    year= 2004,
    title="Constrained statistical inference",
    publisher= "Wiley",
    address= "New York",
        }

@article{simon:1987,
    author="Simon, R.",
    year=1987,
    title="How large should a phase II trial of a new drug be?",
    journal="Cancer Trt. Rpts.",
    volume=71,
    pages="1079-1085",
	}

@article{singh:1993,
    author="Singh, B. and Wright, F.T.",
    year=1993,
    title="The level probabilities for a simple loop ordering",
    journal="Annals of the Institute of Statistical Mathematics",
    volume=45,
    pages="279-292",
	}

@article{smyth:2004,
    author="Smyth, G.K.",
    year=2004,
    title="Linear Models and Empirical {B}ayes Methods for Assessing Differential Expression in Microarray Experiments",
    journal="Statistical Applications in Genetics and Molecular Biology",
    volume=3,
    issue=1,
    article=3,
	}

@incollection{smyth:2005,
    author="Smyth, G.K.",
    year=2005,
    title="Limma: linear models for microarray data",
    pages="397-420",
    editor= "Gentleman, R. and Carey, V. and Dudoit, S. and  Irizarry, R. and Huber, W.",
    booktitle="Bioinformatics and Computational Biology Solutions using R and Bioconductor",
    publisher="Springer",
    address="New York",
	}

@article{song:2000,
    author="Song, P.X.-K.",
    year=2000,
    title="Multivariate Dispersion Models Generated from Gaussian Copula",
    journal="Scandinavian Journal of Statistics",
    volume=27,
    pages="305-320",
	}

@article{spearman:1904,
    author="Spearman, C.",
    year=1904,
    title="The proof and measurement of association between two rings",
    journal="American Journal of Psychology",
    volume=15,
    pages="72-101",
        }


@article{spiegelhalter:1994,
    author="Spiegelhalter, D.J. and Freedman, L.S. and Parmar, M.K.B.",
    year=1994,
    title="Bayesian approaches to randomised trials",
    journal="Journal of the Royal Statistical Society A",
    volume=157,
    pages="357-416",
	}

@Misc{stangl:1995,
    author="Stangl, D.K.",
    year=1995,
    title="Bayesian methods in the analysis of clinical trials: A discussion",
    howpublished="Proceedings of the Section on {B}ayesian Statistical Science. Alexandria, Virginia: American Statistical Association",
    pages="7-9",
}

@inproceedings{stein:1956,
    author="Stein, C.",
    year= 1956,
    title="Inadmissibility of the usual estimator for the mean of a multivariate distribution",
    booktitle="Proceedings of the Third Berkeley Symposium on Mathematical Statistics and Probability",
    volume=1,
    pages="197-206",
}


@article{storey:2002,
    author="Storey, J.D.",
    year=2002,
    title="A direct approach to false discovery rates",
    journal="Journal of the Royal Statistical Society B",
    volume=64,
    pages="479-498",
	}

@article{storey:2003,
    author="Storey, J.D.",
    year=2003,
    title="The positive false discovery rate: a bayesian interpretation and the q-value",
    journal="Annals of Statistics",
    volume=31,
    pages="2013-2035",
	}

@article{storeytib:2003,
    author="Storey, J.D. and Tibshirani, R.",
    year=2003,
    title="Statistical significance for genome-wide studies",
    journal="Proceeding of the National Academy of Science",
    volume=100,
    pages="9440-9445",
	}

@Techreport{storey:2004,
    author="Storey, J.D.",
    year=2004,
    title="Strong control, conservative point estimation and simultaneous conservative consistency of false discovery rates: a unified approach",
	}

@article{storey:2007,
    author="Storey, J.D.",
    year=2007,
    title="The Optimal Discovery Procedure: A New Approach to Simultaneous Significance Testing",
    journal="Journal of the Royal Statistical Society B",
    volume=69,
    pages="347-368",
	}

@article{storey:2007b,
    author="Storey, J.D. and Day, J.Y. and Leek, J.T.",
    year=2007,
    title="The optimal discovery procedure for large-scale significance testing, with applications to comparative microarray experiments",
    journal="Biostatistics",
    volume=8,
    pages="414-432",
	}

@article{stout:1999,
    author="Stout, Q.F. and Hardwick, J.",
    year=1999,
    title="Minimizing the costs of screening trials",
    journal="Computing Science and Statistics",
    volume=31,
    pages="440-444",
	}

@article{stout:2005,
    author="Stout, Q.F. and Hardwick, J.",
    year=2005,
    title="Optimal Screening Designs with Flexible Cost and Constraint Structures",
    journal="Journal of Sequential Planning and Inference",
    volume=132,
    pages="149-162",
	}

@article{strauss:1995,
    author="Strauss, N. and Simon, R.",
    year=1995,
    title="Investigating a Sequence of Randomized Phase-II Trials to Discover Promising Treaments",
    journal="Statistics in Medicine",
    volume=14,
    pages="1479-1489",
	}

@Misc{tusch:2005,
    author="Tusch, G.",
    year=2005,
    title="Sequential classification for microarray and clinical data",
    howpublished="IEEE Computational Systems Bioinformatics Conference Workshops",
    pages="5-6",
	}

@article{tusher:2001,
    author="Tusher, V.G. and Tibshirani, R. and Chu, G.",
    year=2001,
    title="Significance analysis of microarrays applied to the ionizing radiation response",
    journal="Proceedings of the National Academy of Science",
    volume=98,
    pages="5116-5121",
}

@article{vejohnson:2005,
    author="Johnson, V.E.",
    year=2005,
    title="{B}ayes factors based on test statistics",
    journal="Journal of the {R}oyal statistical society B",
    volume=67,
    pages="689-701",
	}

@Book{wand:1995,
    author="Wand, M.P. and Jones, M.C.",
    year=1995,
    title="Kernel Smoothing",
    publisher="Chapman and Hall",
    address="London",
	}

@article{wang:1998,
    author="Wand, Y.G. and Leung, D.H.Y.",
    year=1998,
    title="An optimal design for screening trials",
    journal="Biometrics",
    volume=54,
    pages="243-250",
	}

@techreport{wu:2004,
    author="Wu, Z. and Irizarry, R.A. and Gentleman, R. and Murillo, F.M. and Spencer, F.",
    year=2004,
    title="A Model Based Background Adjustment for Oligonucleotide Expression Arrays",
    institution="Johns Hopkins University, Dept. of Biostatistics",
	}



@article{yang:2003,
    author="Yang, M.C.K. and Yang, J.J. and McIndoe, R.A. and She, S.X.",
    year=2003,
    title="Microarray experimental design: power and sample size considerations",
    journal="Physiological Genomics",
    volume=16,
    pages="24-28",
	}

@article{yao:1996,
    author="Yao, T.J. and Begg, C.B. and Livingston, P.O.",
    year=1996,
    title="Optimal sample size for a series of pilot trials of new agents",
    journal="Biometrics",
    volume=52,
    pages="992-1001",
	}

@article{yao:1998,
    author="Yao, T.J. and Venkatraman, E.S.",
    year=1998,
    title="Optimal two-stage design for a series of pilot trials of new agents",
    journal="Biometrics",
    volume=54,
    pages="1183-1189",
	}

@Inbook{zellner:1980,
    author="Zellner, A. and Siow, A.",
    year=1980,
    title="Posterior odds ratios for selected regression hypotheses",
    booktitle="Bayesian statistics",
    editor="Bernardo, J.M. and DeGroot, M.H. and Lindley, D.V. and Smith, A.F.M.",
    publisher="Valencia: University Press",
    volume=1,
	}

@article{zhao:2005,
    author="Zhao, Y. and Li, M.C. and Simon, R.",
    year=2005,
    title="An adaptive method for c{DNA} microarray normalization",
    journal="Bioinformatics",
    volume=6,
    pages=28,
        }

@article{zien:2003,
    author="Zien, A. and Fluck, J. and Zimmer, R. and Lengauer, T.",
    year=2003,
    title="Microarrays: how many do you need?",
    journal="Journal of Computational Biology",
    volume=10,
    pages="653-667",
	}



