@article {MR2526626,
    AUTHOR = {Elashoff, Robert M. and Li, Gang and Li, Ning},
     TITLE = {A joint model for longitudinal measurements and survival data
              in the presence of multiple failure types},
   JOURNAL = {Biometrics},
  FJOURNAL = {Biometrics. Journal of the International Biometric Society},
    VOLUME = {64},
      YEAR = {2008},
    NUMBER = {3},
     PAGES = {762--771},
      ISSN = {0006-341X},
   MRCLASS = {Expansion},
  MRNUMBER = {2526626},
       URL = {https://doi.org/10.1111/j.1541-0420.2007.00952.x},
}

@article {MR2758452,
    AUTHOR = {Li, Ning and Elashoff, Robert M. and Li, Gang and Saver,
              Jeffrey},
     TITLE = {Joint modeling of longitudinal ordinal data and competing
              risks survival times and analysis of the {NINDS} rt-{PA}
              stroke trial},
   JOURNAL = {Stat. Med.},
  FJOURNAL = {Statistics in Medicine},
    VOLUME = {29},
      YEAR = {2010},
    NUMBER = {5},
     PAGES = {546--557},
      ISSN = {0277-6715},
   MRCLASS = {Expansion},
  MRNUMBER = {2758452},
       URL = {https://doi.org/10.1002/sim.3798},
}


@article{tashkin2006cyclophosphamide,
  title={Cyclophosphamide versus placebo in scleroderma lung disease},
  author={Tashkin, Donald P and Elashoff, Robert and Clements, Philip J and Goldin, Jonathan and Roth, Michael D and Furst, Daniel E and Arriola, Edgar and Silver, Richard and Strange, Charlie and Bolster, Marcy and others},
  journal={New England Journal of Medicine},
  volume={354},
  number={25},
  pages={2655--2666},
  year={2006},
  publisher={Mass Medical Soc}
}

@article{stroke1995tissue,
  title={Tissue plasminogen activator for acute ischemic stroke},
  author={Stroke Study Group},
  journal={N Eng J Med.},
  volume={333},
  pages={1581--1587},
  year={1995}
}
