@inproceedings{carriere2017sliced,
  title={Sliced wasserstein kernel for persistence diagrams},
  author={Carriere, Mathieu and Cuturi, Marco and Oudot, Steve},
  booktitle={Proceedings of the 34th International Conference on Machine Learning-Volume 70},
  pages={664--673},
  year={2017},
  organization={JMLR. org}
}

@article{kerber2017geometry,
  title={Geometry helps to compare persistence diagrams},
  author={Kerber, Michael and Morozov, Dmitriy and Nigmetov, Arnur},
  journal={Journal of Experimental Algorithmics (JEA)},
  volume={22},
  pages={1--4},
  year={2017},
  publisher={ACM}
}

@inproceedings{le2018persistence,
  title={Persistence fisher kernel: A riemannian manifold kernel for persistence diagrams},
  author={Le, Tam and Yamada, Makoto},
  booktitle={Advances in Neural Information Processing Systems},
  pages={10007--10018},
  year={2018}
}

@inproceedings{reininghaus2015stable,
  title={A stable multi-scale kernel for topological machine learning},
  author={Reininghaus, Jan and Huber, Stefan and Bauer, Ulrich and Kwitt, Roland},
  booktitle={Proceedings of the IEEE conference on computer vision and pattern recognition},
  pages={4741--4748},
  year={2015}
}


@article{padellini2017supervised,
  title={Supervised Learning with Indefinite Topological Kernels},
  author={Padellini, Tullia and Brutti, Pierpaolo},
  journal={arXiv preprint arXiv:1709.07100},
  year={2017}
}

@article{adams2017persistence,
  title={Persistence images: A stable vector representation of persistent homology},
  author={Adams, Henry and Emerson, Tegan and Kirby, Michael and Neville, Rachel and Peterson, Chris and Shipman, Patrick and Chepushtanova, Sofya and Hanson, Eric and Motta, Francis and Ziegelmeier, Lori},
  journal={The Journal of Machine Learning Research},
  volume={18},
  number={1},
  pages={218--252},
  year={2017},
  publisher={JMLR. org}
}
@article{loosli2015learning,
  title={Learning SVM in Krein spaces},
  author={Loosli, Gaelle and Canu, Stephane and Ong, Cheng Soon},
  journal={IEEE transactions on pattern analysis and machine intelligence},
  volume={38},
  number={6},
  pages={1204--1216},
  year={2015},
  publisher={IEEE}
}
@article{chang2011libsvm,
  title={LIBSVM: A library for support vector machines},
  author={Chang, Chih-Chung and Lin, Chih-Jen},
  journal={ACM transactions on intelligent systems and technology (TIST)},
  volume={2},
  number={3},
  pages={27},
  year={2011},
  publisher={Acm}
}

@article{dimitriadou2008misc,
  title={Misc functions of the Department of Statistics (e1071), TU Wien},
  author={Dimitriadou, Evgenia and Hornik, Kurt and Leisch, Friedrich and Meyer, David and Weingessel, Andreas},
  journal={R package},
  volume={1},
  pages={5--24},
  year={2008}
}