% not used, since the umlauts are not displayed correctly despite UTF-8 or latex notation

@Unpublished{umlaut,
  author = { Ä Ö Ü ä ö ü \"A \"O \"U \'e},
  title  = {Test of umlauts in packRd},
}

@Unpublished{BersBoet2018v2,
  author = {Georg Berschneider and Bj\"orn B\"ottcher},
  note   = {arXiv:1808.07280v2},
  title  = {On complex {G}aussian random fields, {G}aussian quadratic forms and sample distance multivariance},
  year   = {2019},
  url    = {https://arxiv.org/abs/1808.07280},
}

@Article{BoetKellSchi2018,
  author  = {B\"ottcher, Bj\"orn and Keller-Ressel, Martin and Schilling, Ren{\'e} L.},
  journal = {Modern Stochastics: Theory and Applications},
  title   = {Detecting independence of random vectors: {G}eneralized distance covariance and {G}aussian covariance},
  year    = {2018},
  number  = {3},
  pages   = {353--383},
  volume  = {5},
  doi     = {10.15559/18-VMSTA116},
}

@Article{BoetKellSchi2019,
  author  = {B\"ottcher, Bj\"orn and Keller-Ressel, Martin and Schilling, Ren{\'e} L.},
  journal = {The Annals of Statistics},
  title   = {{D}istance multivariance: New dependence measures for random vectors},
  year    = {2019},
  number  = {5},
  pages   = {2757--2789},
  volume  = {47},
  doi     = {10.1214/18-AOS1764},
}

@Article{Boet2020,
  author  = {B\"ottcher, Bj\"orn},
  journal = {Open Statistics},
  title   = {Dependence and dependence structures: estimation and visualization using the unifying concept of distance multivariance},
  year    = {2020},
  issn    = {2657-3601},
  number  = {1},
  pages   = {1--46},
  volume  = {1},
  doi     = {10.1515/stat-2020-0001},
}

@Article{Boet2020a,
  author    = {B\"ottcher, Bj\"orn},
  journal   = {Statistics},
  title     = {Copula versions of distance multivariance and dHSIC via the distributional transform -- a general approach to construct invariant dependence measures},
  year      = {2020},
  pages     = {1-18},
  doi       = {10.1080/02331888.2020.1748029},
  publisher = {Taylor & Francis},
}

@Unpublished{Boet2020b,
  author = {B\"ottcher, Bj\"orn},
  note   = {arXiv:2004.07649},
  title  = {Notes on the interpretation of dependence measures -- Pearson's correlation, distance correlation, distance multicorrelations and their copula versions},
  year   = {2020},
  url    = {https://arxiv.org/abs/2004.07649},
}

