@article{g3,
author = {F H Toledo and P {P\'{e}rez-Rodr{\'i}guez} and J Crossa and J Burgue\~{n}o},
title = {{isqg}: A Binary Framework for in Silico Quantitative Genetics"},
journal = {G3: Genes, Genomes, Genetics},
year = {2019},
volume = {9},
number = {8},
pages = {2425--2428},
url = {https://doi.org/10.1534/g3.119.400373}
}

@article{karlin1978,
author = {Karlin and Liberman},
title = {Classifications and comparisons of multilocus recombination distributions},
journal = {Proceedings of the National Academy of Sciences of the United States of America},
volume = {75},
number = {12},
year = {1978},
pages = {6332--6336},
url = {https://doi.org/10.1073/pnas.75.12.6332}
}
