@Article{Akushevich_2005,
  doi = {10.1080/08898480590932296},
  url = {https://doi.org/10.1080/08898480590932296},
  year = {2005},
  month = {apr},
  publisher = {Informa {UK} Limited},
  volume = {12},
  number = {2},
  pages = {51--80},
  author = {I. Akushevich and A. Kulminski and K. G. Manton},
  title = {Life Tables with Covariates: Dynamic Model for Nonlinear Analysis of Longitudinal Data},
  journal = {Mathematical Population Studies},
}

@Article{Arbeev_2009,
  doi = {10.1016/j.jtbi.2009.01.023},
  url = {https://doi.org/10.1016/j.jtbi.2009.01.023},
  year = {2009},
  month = {may},
  publisher = {Elsevier {BV}},
  volume = {258},
  number = {1},
  pages = {103--111},
  author = {Konstantin G. Arbeev and Igor Akushevich and Alexander M. Kulminski and Liubov S. Arbeeva and Lucy Akushevich and Svetlana V. Ukraintseva and Irina V. Culminskaya and Anatoli I. Yashin},
  title = {Genetic model for longitudinal studies of aging, health, and longevity and its potential application to incomplete data},
  journal = {Journal of Theoretical Biology},
}

@Article{Arbeev_2014,
  doi = {10.3389/fpubh.2014.00228},
  url = {https://doi.org/10.3389/fpubh.2014.00228},
  year = {2014},
  month = {nov},
  publisher = {Frontiers Media {SA}},
  volume = {2},
  author = {Konstantin G. Arbeev and Igor Akushevich and Alexander M. Kulminski and Svetlana V. Ukraintseva and Anatoliy I. Yashin},
  title = {Joint Analyses of Longitudinal and Time-to-Event Data in Research on Aging: Implications for Predicting Health and Survival},
  journal = {Frontiers in Public Health},
}

@Article{Arbeev_2016,
  doi = {10.3389/fpubh.2016.00003},
  url = {https://doi.org/10.3389/fpubh.2016.00003},
  year = {2016},
  month = {jan},
  publisher = {Frontiers Media {SA}},
  volume = {4},
  author = {Konstantin G. Arbeev and Alan A. Cohen and Liubov S. Arbeeva and Emmanuel Milot and Eric Stallard and Alexander M. Kulminski and Igor Akushevich and Svetlana V. Ukraintseva and Kaare Christensen and Anatoliy I. Yashin},
  title = {Optimal Versus Realized Trajectories of Physiological Dysregulation in Aging and Their Relation to Sex-Specific Mortality Risk},
  journal = {Frontiers in Public Health},
}

@Article{He_2017,
  doi = {10.1002/gepi.22058},
  url = {https://doi.org/10.1002/gepi.22058},
  year = {2017},
  month = {jun},
  publisher = {Wiley},
  volume = {41},
  number = {7},
  pages = {620--635},
  author = {Liang He and Ilya Zhbannikov and Konstantin G. Arbeev and Anatoliy I. Yashin and Alexander M. Kulminski},
  title = {A genetic stochastic process model for genome-wide joint analysis of biomarker dynamics and disease susceptibility with longitudinal data},
  journal = {Genetic Epidemiology},
}

@Article{Woodbury_1977,
  doi = {10.1016/0040-5809(77)90005-3},
  url = {https://doi.org/10.1016/0040-5809(77)90005-3},
  year = {1977},
  month = {feb},
  publisher = {Elsevier {BV}},
  volume = {11},
  number = {1},
  pages = {37--48},
  author = {Max A. Woodbury and Kenneth G. Manton},
  title = {A random-walk model of human mortality and aging},
  journal = {Theoretical Population Biology},
}

@Article{Yashin_2007,
  doi = {10.1016/j.mbs.2006.11.006},
  url = {https://doi.org/10.1016/j.mbs.2006.11.006},
  year = {2007},
  month = {aug},
  publisher = {Elsevier {BV}},
  volume = {208},
  number = {2},
  pages = {538--551},
  author = {Anatoli I. Yashin and Konstantin G. Arbeev and Igor Akushevich and Aliaksandr Kulminski and Lucy Akushevich and Svetlana V. Ukraintseva},
  title = {Stochastic model for analysis of longitudinal data on aging and mortality},
  journal = {Mathematical Biosciences},
}

@Article{Yashin_2007a,
  doi = {10.1007/s10522-006-9073-3},
  url = {https://doi.org/10.1007/s10522-006-9073-3},
  year = {2007},
  month = {jan},
  publisher = {Springer Nature},
  volume = {8},
  number = {3},
  pages = {291--302},
  author = {Anatoli I. Yashin and Konstantin G. Arbeev and Aliaksandr Kulminski and Igor Akushevich and Lucy Akushevich and Svetlana V. Ukraintseva},
  title = {Health decline, aging and mortality: how are they related?},
  journal = {Biogerontology},
}
