% Encoding: UTF-8

@Article{broyden70,
  author    = {Broyden, Charles G},
  title     = {The convergence of a class of double-rank minimization algorithms: 2. The new algorithm},
  journal   = {IMA journal of applied mathematics},
  year      = {1970},
  volume    = {6},
  number    = {3},
  pages     = {222--231},
  doi       = {10.1093/imamat/6.3.222},
  file      = {:../../../../Literatur/Read/Broyden - 1970 - The Convergence of a Class of Double Rank Minimization Algorithms. Part {II}.pdf:PDF},
  publisher = {Oxford University Press},
}

@Article{goldfarb70,
  author  = {Goldfarb, Donald},
  title   = {A family of variable-metric methods derived by variational means},
  journal = {Mathematics of computation},
  year    = {1970},
  volume  = {24},
  number  = {109},
  pages   = {23--26},
  doi     = {10.1090/S0025-5718-1970-0258249-6},
  file    = {:../../../../Literatur/Read/Goldfarb - 1970 - A Family of Variable-Metric Methods Derived by Variational Means.pdf:PDF},
}

@Article{fletcher70,
  author    = {Fletcher, Roger},
  title     = {A new approach to variable metric algorithms},
  journal   = {The computer journal},
  year      = {1970},
  volume    = {13},
  number    = {3},
  pages     = {317--322},
  doi       = {10.1093/comjnl/13.3.317},
  file      = {:../../../../Literatur/Read/Fletcher - 1970 - A new approach to variable metric algorithms.pdf:PDF},
  publisher = {Oxford University Press},
}

@Article{shanno70,
  author  = {Shanno, David F},
  title   = {Conditioning of quasi-Newton methods for function minimization},
  journal = {Mathematics of computation},
  year    = {1970},
  volume  = {24},
  number  = {111},
  pages   = {647--656},
  doi     = {10.1090/S0025-5718-1970-0274029-X},
  file    = {:../../../../Literatur/Read/Shanno - 1970 - Conditioning of Quasi-Newton Methods for Function Minimization.pdf:PDF},
}

@PhdThesis{wilson63,
  author    = {Wilson, Robert B},
  title     = {A simplicial algorithm for concave programming},
  school    = {Harvard University},
  year      = {1963},
  comment   = {pagecounter<-5>},
  file      = {:../../../../Literatur/Read/Wilson - 1963 - A Simplical Algorithm for Concave Programming.pdf:PDF},
  journal   = {Ph. D. Dissertation, Graduate School of Bussiness Administration},
  publisher = {Harvard University},
  url       = {http://faculty-gsb.stanford.edu/wilson/documents/Asimplicialalgorithmforconcaveprogramming.pdf
},
}

@InCollection{powell78,
  author    = {Powell, Michael JD},
  title     = {A fast algorithm for nonlinearly constrained optimization calculations},
  booktitle = {Numerical analysis},
  publisher = {Springer},
  year      = {1978},
  pages     = {144--157},
  doi       = {10.1007/BFb0067703},
  file      = {:../../../../Literatur/Read/Powell - 1978 - A fast Algorithm for Nonlinearly Constrained.pdf:PDF},
}

@Book{nocedal99,
  title        = {Numerical optimization},
  publisher    = {Springer},
  year         = {1999},
  author       = {Nocedal, Jorge and Wright, Stephen J},
  address      = {New York},
  isbn         = {387987932},
  keywords     = {Optimierung ; Numerisches Verfahren},
  language     = {eng},
  organization = {Optimierung, Kontrolltheorie, Variationsrechnung: Einführungen, Gesamtdarstellungen, übergeordnete Aspekte},
  owner        = {Administrator},
  timestamp    = {2019.08.15},
}

@Article{fletcher71,
  author    = {Fletcher, Roger},
  title     = {A general quadratic programming algorithm},
  journal   = {IMA Journal of Applied Mathematics},
  year      = {1971},
  volume    = {7},
  number    = {1},
  pages     = {76--91},
  doi       = {10.1093/imamat/7.1.76},
  file      = {:../../../../Literatur/Read/Fletcher - 1971 - A General Quadratic Programming Algorithm.pdf:PDF},
  publisher = {Oxford University Press},
}

@MastersThesis{karush39,
  author  = {Karush, William},
  title   = {Minima of functions of several variables with inequalities as side constraints},
  school  = {Dept. of Mathematics, Univ. of Chicago. Quoted in Kjeldsen (2000)},
  year    = {1939},
  journal = {M. Sc. Dissertion. Dept. of Mathematics, Univ. of Chicago},
  owner   = {Administrator},
}

@InProceedings{kuhn51,
  author    = {Kuhn, Harold W and Tucker, Albert W},
  title     = {Nonlinear programming},
  booktitle = {Proceedings of the Second Berkeley Symposium on Mathematical Statistics and Probability},
  year      = {1951},
  editor    = {Neyman, Jerzy},
  publisher = {University of California Press, Berkeley},
  file      = {:../../../../Literatur/Read/Kuhn, Tucker - 1951 - Nonlinear programming.pdf:PDF},
  url       = {http://web.math.ku.dk/~moller/undervisning/MASO2010/kuhntucker1950.pdf},
}

@Article{kjeldsen00,
  author    = {Kjeldsen, Tinne Hoff},
  title     = {A contextualized historical analysis of the Kuhn-Tucker theorem in nonlinear programming: the impact of World War II},
  journal   = {Historia mathematica},
  year      = {2000},
  volume    = {27},
  number    = {4},
  pages     = {331-361},
  doi       = {10.1006/hmat.2000.2289},
  publisher = {Elsevier},
}

@Comment{jabref-meta: databaseType:bibtex;}
