@Book{Cameron+Trivedi:2013,
  author = {A. Colin Cameron and Pravin K. Trivedi},
  title = {Regression Analysis of Count Data},
  year = {2013},
  edition = {2nd},
  publisher = {Cambridge University Press},
  address = {Cambridge},
}

@Book{Chambers+Hastie:1992,
  editor = {John M. Chambers and Trevor J. Hastie},
  title = {Statistical Models in \proglang{S}},
  publisher = {Chapman \& Hall},
  year = {1992},
  address = {London},
}

@Manual{Jackman:2015,
  title = {\pkg{pscl}: Classes and Methods for \proglang{R} Developed in the Political Science Computational Laboratory, Stanford University},
  author = {Simon Jackman},
  year = {2015},
  note = {\proglang{R} package version 1.4.9},
  url = {https://CRAN.R-project.org/package=pscl},
}

@Article{Mullahy:1986,
  author = {John Mullahy},
  title = {Specification and Testing of Some Modified Count Data Models},
  year = {1986},
  journal = {Journal of Econometrics},
  volume = {33},
  number = {3},
  pages = {341--365},
  doi = {10.1016/0304-4076(86)90002-3},
}

@Book{McCullagh+Nelder:1989,
  author = {Peter McCullagh and John A. Nelder},
  title = {Generalized Linear Models},
  edition = {2nd},
  year = {1989},
  publisher = {Chapman \& Hall},
  address = {London},
  doi = {10.1007/978-1-4899-3242-6},
}

@Manual{R,
  title = {\proglang{R}: {A} Language and Environment for Statistical Computing},
  author = {{\proglang{R} Core Team}},
  organization = {\proglang{R} Foundation for Statistical Computing},
  address = {Vienna, Austria},
  year = {2017},
  url = {https://www.R-project.org/},
}

@Article{Stasinopoulos+Rigby:2007,
  author = {D. Mikis Stasinopoulos and Robert A. Rigby},
  title = {Generalized Additive Models for Location Scale and Shape ({GAMLSS}) in \proglang{R}},
  journal = {Journal of Statistical Software},
  year = {2007},
  volume = {23},
  number = {7},
  pages = {1--46},
  doi = {10.18637/jss.v023.i07}
}

@Book{Venables+Ripley:2002,
  author = {William N. Venables and Brian D. Ripley},
  title = {Modern Applied Statistics with \proglang{S}},
  edition = {4th},
  year = {2002},
  pages = {495},
  publisher = {Springer-Verlag},
  address = {New York},
  doi = {10.1007/978-0-387-21706-2}
}

@Book{Wood:2006,
  author = {Simon N. Wood},
  title = {Generalized Additive Models: An Introduction with \proglang{R}},
  year = {2006},
  publisher = {Chapman \& Hall/CRC},
  address = {Boca Raton},
}

@Article{Yee:2009,
  author = {Thomas W. Yee},
  title = {The \pkg{VGAM} Package for Categorical Data Analysis},
  journal = {Journal of Statistical Software},
  year = {2010},
  volume = {32},
  number = {10},
  pages = {1--34},
  doi = {10.18637/jss.v032.i10},
}

@Article{Zeileis+Kleiber+Jackman:2008,
  author = {Achim Zeileis and Christian Kleiber and Simon Jackman},
  title = {Regression Models for Count Data in \proglang{R}},
  journal = {Journal of Statistical Software},
  year = {2008},
  volume = {27},
  number = {8},
  pages = {1--25},
  doi = {10.18637/jss.v027.i08},
}


@Article{whittaker2000marker,
  author={John C Whittaker  and Robin Thompson and Mike C Denham},
  title={Marker-Assisted Selection using Ridge Regression},
  journal={Genetics Research},
  year={2000},
  volume={75},
  number={2},
  doi={10.1017/s0016672399004462},
  pages={249--252},
}


@Article{kang2008efficient,
        author = {Hyun Min Kang and Noah A Zaitlen and Claire M Wade
  and Andrew Kirby and  David Heckerman and Mark J Daly and Eleazar Eskin},
        title = {Efficient Control of Population Structure in Model Organism Association Mapping},
        journal = {Genetics},
        number = {3},
        pages = {1709--1723},
        volume = {178},
        year = {2008},
}




@book{anderson1999lapack,
  title={LAPACK Users' Guide},
  author={Edward Anderson and Zhaojun Bai and Christian Bischof and Susan L. Blackford and James Demmel and Jack Dongarra and Jeremy Du Croz and Anne Greenbaum and Sven Hammarling and Alan McKenney and others},
  year={1999},
  doi={10.1137/1.9780898719604},
  publisher={SIAM},
}

@Article{blackford2002updated,
  author={Susan L Blackford and Antoine Petitet  and Roldan Pozo and Karin Remington and Clint R Whaley and James Demmel and Jack Dongarra and Iain Duff and Sven Hammarling and Greg Henry and others},
  title={An Updated Set of Basic Linear Algebra Subprograms (BLAS)},
  journal={ACM Transactions on Mathematical Software},
  number={2},
  doi={10.1145/567806.567807},
  pages={135--151},
  volume={28},
  year={2002} }


@Article{yu2006unified,
	author = {Yu, Jianming and Pressoir, Gael and Briggs, William H and Bi, Irie Vroh and Yamasaki, Masanori and Doebley, John F and McMullen, Michael D and Gaut, Brandon S and Nielsen, Dahlia M and Holland, James B and others},
	journal = {Nature Genetics},
	number = {2},
	pages = {203},
	title = {A Unified Mixed-Model Method for Association Mapping that Accounts for Multiple Levels of Relatedness},
	volume = {38},
        doi={10.1038/ng1702},
	year = {2006}}



@Article{zhao2007arabidopsis,
	author = {Zhao, Keyan and Aranzana, Mar{\'\i}a Jos{\'e} and Kim, Sung and Lister, Clare and Shindo, Chikako and Tang, Chunlao and Toomajian, Christopher and Zheng, Honggang and Dean, Caroline and Marjoram, Paul and others},
	journal = {PLoS Genetics},
	number = {1},
	pages = {e4},
	title = {An {A}rabidopsis Example of Association Mapping in Structured Samples},
	volume = {3},
        doi={10.1371/journal.pgen.0030004},
	year = {2007}}


@article{purcell2007plink,
  title={PLINK: a Tool Set for Whole-Genome Association and Population-Based Linkage Analyses},
  author={Purcell, Shaun and Neale, Benjamin and Todd-Brown, Kathe and Thomas, Lori and Ferreira, Manuel AR and Bender, David and Maller, Julian and Sklar, Pamela and De Bakker, Paul IW and Daly, Mark J and others},
  journal={The American Journal of Human Genetics},
  volume={81},
  doi={10.1086/519795},
  number={3},
  pages={559--575},
  year={2007},
  publisher={Elsevier}
}


@article{bradbury2007tassel,
  title={TASSEL: Software for Association Mapping of Complex Traits in Diverse Samples},
  author={Bradbury, Peter J and Zhang, Zhiwu and Kroon, Dallas E and Casstevens, Terry M and Ramdoss, Yogesh and Buckler, Edward S},
  journal={Bioinformatics},
  volume={23},
  number={19},
  pages={2633--2635},
  year={2007},
  doi={10.1093/bioinformatics/btm308},
  publisher={Oxford University Press}
}

@article{lipka2012gapit,
  title={GAPIT: Genome Association and Prediction Integrated Tool},
  author={Lipka, Alexander E and Tian, Feng and Wang, Qishan and Peiffer, Jason and Li, Meng and Bradbury, Peter J and Gore, Michael A and Buckler, Edward S and Zhang, Zhiwu},
  journal={Bioinformatics},
  volume={28},
  number={18},
  pages={2397--2399},
  year={2012},
  doi={10.1093/bioinformatics/bts444},
  publisher={Oxford University Press}
}


@article{shen2013novel,
	Author = {Shen, Xia and Alam, Moudud and Fikse, Freddy and R{\"o}nneg{\aa}rd, Lars},
	Journal = {Genetics},
	Number = {4},
	Pages = {1255--1268},
	Publisher = {Genetics Soc America},
	Title = {A Novel Generalized Ridge Regression Method for Quantitative Genetics},
	Volume = {193},
        doi={10.1534/genetics.112.146720},
	Year = {2013}}



@article{rakitsch2013lasso,
	Author = {Rakitsch, Barbara and Lippert, Christoph and Stegle, Oliver and Borgwardt, Karsten},
	Journal = {Bioinformatics},
	Number = {2},
	Pages = {206-214},
	Title = {A {L}asso Multi-Marker Mixed Model for Association Mapping with Population Structure Correction},
	Volume = {29},
        doi={10.1093/bioinformatics/bts669},
	Year = {2013}}


@article{Friedman2010glmnet,
	Author = {Friedman, Jerome and Hastie, Trevor and Tibshirani, Robert},
	Journal = {Journal of Statistical Software},
	Number = {1},
	Pages = {1--22},
	Title = {Regularization {P}aths for {G}eneralized {L}inear {M}odels via {C}oordinate {D}escent},
	Volume = {33},
        doi={10.18637/jss.v033.i01},
	Year = {2010}}


@article{segura2012efficient,
	Author = {Segura, Vincent and Vilhj{\'a}lmsson, Bjarni J and Platt, Alexander and Korte, Arthur and Seren, {\"U}mit and Long, Quan and Nordborg, Magnus},
	Journal = {Nature Genetics},
	Number = {7},
	Pages = {825--830},
	Title = {An efficient Multi-Locus Mixed-Model Approach for Genome-Wide Aassociation Studies in Structured Populations},
	Volume = {44},
        doi={10.1038/ng.2314},
	Year = {2012}}


@article{liu2016iterative,
	Author = {Liu, Xiaolei and Huang, Meng and Fan, Bin and Buckler, Edward S and Zhang, Zhiwu},
	Journal = {PLoS genetics},
	Number = {2},
	Pages = {e1005767},
	Publisher = {Public Library of Science},
	Title = {Iterative Usage of Fixed and Random Effect Models for Powerful and Efficient Genome-Wide Association Studies},
	Volume = {12},
        doi={10.1371/journal.pgen.1005767},
	Year = {2016}}

@article{huang2019blink,
  title={BLINK: a Package for the Next Level of Genome-Wide Association Studies With Both Individuals and Markers in the Millions},
  author={Huang, Meng and Liu, Xiaolei and Zhou, Yao and Summers, Ryan M and Zhang, Zhiwu},
  journal={GigaScience},
  volume={8},
  number={2},
  pages={giy154},
  doi={10.1093/gigascience/giy154},
  year={2019}
}


@article{chen2008extended,
	Author = {Chen, Jiahua and Chen, Zehua},
	Date-Added = {2017-10-24 21:31:27 +0000},
	Date-Modified = {2017-10-24 21:31:27 +0000},
	Journal = {Biometrika},
	Number = {3},
	Pages = {759--771},
	Publisher = {Oxford University Press},
	Title = {Extended Bayesian Information Criteria for Model Selection With Large Model Spaces},
	Volume = {95},
        doi={10.1093/biomet/asn034},
	Year = {2008}}


@article{george2020eagle,
  title={Eagle: multi-locus association mapping on a genome-wide scale made routine},
  author={George, Andrew W and Verbyla, Arunas and Bowden, Joshua},
  journal={Bioinformatics},
  volume={36},
  number={5},
  pages={1509--1516},
  year={2020},
  publisher={Oxford University Press},
  doi = {10.1093/bioinformatics/btz759}
}

@article{zhang2019applications,
  title={The Applications of New Multi-Locus GWAS Methodologies in the Genetic Dissection of Complex Traits},
  author={Zhang, Yuan-Ming and Jia, Zhenyu and Dunwell, Jim M},
  journal={Frontiers in Plant Science},
  volume={10},
  pages={100},
  year={2019},
  publisher={Frontiers},
  doi={10.3389/fpls.2019.00100}
}

@article{wang2016improving,
  title={Improving Power and Accuracy of Genome-Wide Association Studies Via a Multi-Locus Mixed Linear Model Methodology},
  author={Wang, Shi-Bo and Feng, Jian-Ying and Ren, Wen-Long and Huang, Bo and Zhou, Ling and Wen, Yang-Jun and Zhang, Jin and Dunwell, Jim M and Xu, Shizhong and Zhang, Yuan-Ming},
  journal={Scientific reports},
  volume={6},
  pages={19444},
  year={2016},
  publisher={Nature Publishing Group},
  doi={10.1038/srep19444}
}


@article{wen2018methodological,
  title={Methodological Implementation of Mixed Linear Models in Multi-Locus Genome-Wide Association Studies},
  author={Wen, Yang-Jun and Zhang, Hanwen and Ni, Yuan-Li and Huang, Bo and Zhang, Jin and Feng, Jian-Ying and Wang, Shi-Bo and Dunwell, Jim M and Zhang, Yuan-Ming and Wu, Rongling},
  journal={Briefings in bioinformatics},
  volume={19},
  number={4},
  pages={700--712},
  year={2018},
  publisher={Oxford University Press},
  doi={10.1093/bib/bbw145}
}

@article{dagum,
title = {OpenMP: An Industry Standard API for Shared-Memory Programming},
author = {Dagum Leonardo, Menon Ramesh},
journal={IEEE Computational Science and Engineering},
volume={5},
number={1},
doi={10.1109/99.660313},
pages={46--55},
year={1998}}


@article{verbyla2012rwgaim,
        Author = {Verbyla, Ar{\=u}nas P and Taylor, Julian D and Verbyla, Klara L},
        Date-Added = {2018-10-03 15:40:27 +1000},
        Date-Modified = {2018-10-03 15:40:27 +1000},
        Journal = {Genetics Research},
        Number = {6},
        Pages = {291--306},
        Publisher = {Cambridge University Press},
        Title = {{RWGAIM}: an Efficient High-Dimensional Random Whole Genome Average ({QTL}) Interval Mapping Approach},
        Volume = {94},
        doi={10.1017/S0016672312000493},
        Year = {2012}}

@article{verbyla2014whole,
        Author = {Verbyla, Ar{\=u}nas P and Cavanagh, Colin R and Verbyla, Klara L},
        Date-Added = {2017-10-24 21:21:19 +0000},
        Date-Modified = {2017-10-24 21:21:19 +0000},
        Journal = {G3: Genes, Genomes, Genetics},
        Number = {9},
        Pages = {1569--1584},
        Publisher = {G3: Genes, Genomes, Genetics},
        Title = {Whole-Genome Analysis of Multienvironment or Multitrait {QTL} in {MAGIC}},
        Volume = {4},
        doi={10.1534/g3.114.012971},
        Year = {2014}}





@article{robinson91,
        Author = {Robinson, GK},
        title = {That {BLUP}  is a Good Thing: the Estimation of Random Effects},
        journal = {Statistical Science},
        year = {1991},
        doi={10.1214/ss/1177011926},
        volume={6},
        pages={15--51}
}


@article{schielzeth2020robustness,
  title={Robustness of linear mixed-effects models to violations of distributional assumptions},
  author={Schielzeth, Holger and Dingemanse, Niels J and Nakagawa, Shinichi and Westneat, David F and Allegue, Hassen and Teplitsky, C{\'e}line and R{\'e}ale, Denis and Dochtermann, Ned A and Garamszegi, L{\'a}szl{\'o} Zsolt and Araya-Ajoy, Yimen G},
  journal={Methods in Ecology and Evolution},
  volume={11},
  number={9},
  pages={1141--1152},
  doi={10.1111/2041-210X.13434},
  year={2020}
}

@article{chang2017shiny,
  title={shiny: Web application framework for R [Computer software]},
  author={Chang, W and Cheng, J and Allaire, JJ and Xie, Y and McPherson, J},
  journal={URL http://CRAN. R-project. org/package= shiny (R package version 1.0. 0)},
  year={2017}
}


@article{nicod2016genome,
        Author = {Nicod, J{\'e}r{\^o}me and Davies, Robert W and Cai, Na and Hassett, Carl and Goodstadt, Leo and Cosgrove, Cormac and Yee, Benjamin K and Lionikaite, Vikte and McIntyre, Rebecca E and Remme, Carol Ann and others},
        Journal = {Nature Genetics},
        Publisher = {Nature Research},
        doi={10.1038/ng.3595},
        Title = {Genome-wide association of multiple complex traits in outbred mice by ultra-low-coverage sequencing},
        Year = {2016}}

@article{wang2018gapit,
  title={GAPIT version 3: An interactive analytical tool for genomic association and prediction},
  author={Wang, J and Zhang, Z},
  note={preprint on webpage at \url{https://www.researchgate.net/publication/329829469_GAPIT_Version_3_An_Interactive_Analytical_Tool_for_Genomic_Association_and_Prediction}},
  year={2018}
}


