
@article{peyre_computational_2019,
	title = {Computational {Optimal} {Transport}: {With} {Applications} to {Data} {Science}},
	volume = {11},
	issn = {1935-8237, 1935-8245},
	doi = {10.1561/2200000073},
	language = {en},
	number = {5-6},
	journal = {Foundations and Trends® in Machine Learning},
	author = {Peyré, Gabriel and Cuturi, Marco},
	year = {2019},
	pages = {355--607},
	file = {[Peyré.2019] Computational Optimal Transport.pdf:/home/kisung/Dropbox/VP. Packages/T4transport/[Peyré.2019] Computational Optimal Transport.pdf:application/pdf}
}

@inproceedings{cuturi_sinkhorn_2013,
	address = {Red Hook, NY, USA},
	series = {{NIPS}'13},
	title = {Sinkhorn distances: {Lightspeed} computation of optimal transport},
	booktitle = {Proceedings of the 26th international conference on neural information processing systems - volume 2},
	publisher = {Curran Associates Inc.},
	author = {Cuturi, Marco},
	year = {2013},
	note = {Number of pages: 9
Place: Lake Tahoe, Nevada},
	pages = {2292--2300},
	file = {[Cuturi.2013] Sinkhorn distances.pdf:/home/kisung/Dropbox/VP. Packages/T4transport/[Cuturi.2013] Sinkhorn distances.pdf:application/pdf}
}

@inproceedings{cuturi_fast_2014,
	address = {Bejing, China},
	series = {Proceedings of machine learning research},
	title = {Fast computation of wasserstein barycenters},
	volume = {32},
	url = {http://proceedings.mlr.press/v32/cuturi14.html},
	booktitle = {Proceedings of the 31st international conference on international conference on machine learning - volume 32},
	publisher = {PMLR},
	author = {Cuturi, Marco and Doucet, Arnaud},
	editor = {Xing, Eric P. and Jebara, Tony},
	month = jun,
	year = {2014},
	pages = {685--693},
	file = {[Cuturi.2014] Fast computation of wasserstein barycenters.pdf:/home/kisung/Dropbox/VP. Packages/T4transport/[Cuturi.2014] Fast computation of wasserstein barycenters.pdf:application/pdf}
}
