@inproceedings{BauerBodenhoferKlement96c,
  author =	 {P. Bauer and U. Bodenhofer and E. P. Klement},
  title =	 {A fuzzy algorithm for pixel classification based on
                  the discrepancy norm},
  booktitle =	 {Proc. 5th IEEE Int. Conf. on Fuzzy Systems},
  volume =	 {{III}},
  address =	 {New Orleans, LA},
  pages =	 {2007--2012},
  month =	 {September},
  year =	 1996,
  doi =		 {10.1109/FUZZY.1996.552744}
}

@article{BodenhoferKothmeierHochreiter11,
  author =	 {U. Bodenhofer and A. Kothmeier and S. Hochreiter},
  title =	 {{APCluster:} an {R} package for affinity propagation
                  clustering},
  journal =	 {Bioinformatics},
  volume =	 27,
  number =	 17,
  pages =	 {2463--2464},
  year =	 2011,
  doi =		 {10.1093/bioinformatics/btr406}
}

@article{DeBaetsMesiar02,
  author =	 {B. {De Baets} and R. Mesiar},
  title =	 {Metrics and {$T$}-equalities},
  journal =	 {J. Math. Anal. Appl.},
  year =	 2002,
  volume =	 267,
  pages =	 {531--547}
}

@article{EddelbuettelFrancois11,
  author =	 {D. Eddelbuettel and R. Fran\c{c}ois},
  title =	 {Rcpp: seamless {R} and {C++} integration},
  journal =	 {J. Stat. Softw.},
  volume =	 40,
  number =	 8,
  pages =	 {1--18},
  year =	 2011
}

@article{FitzGeraldMicchelliPinkus95,
  author =	 {C. H. FitzGerald and C. A. Micchelli and A. Pinkus},
  title =	 {Functions that preserve families of positive
                  semidefinite matrices},
  journal =	 {Linear Alg. Appl.},
  year =	 1995,
  volume =	 221,
  pages =	 {83--102}
}

@article{FreyDueck07,
  author =	 {B. J. Frey and D. Dueck},
  title =	 {Clustering by passing messages between data points},
  journal =	 {Science},
  volume =	 315,
  number =	 5814,
  pages =	 {972--976},
  year =	 2007
}

@article{JainMurtyFlynn99,
  author =	 {A. K. Jain and M. N. Murty and P. J. Flynn},
  title =	 {Data clustering: a review},
  journal =	 {ACM Comput. Surv.},
  year =	 1999,
  volume =	 31,
  number =	 3,
  pages =	 {264--323}
}

@article{KaratzoglouSmolaHornikZeileis04,
  title =	 {kernlab -- An {S4} Package for Kernel Methods in
                  {R}},
  author =	 {A. Karatzoglou and A. Smola and K. Hornik and
                  A. Zeileis},
  journal =	 {J. Stat. Softw.},
  year =	 2004,
  volume =	 11,
  number =	 9,
  pages =	 {1--20}
}

@incollection{LeslieEskinNoble02,
  author =	 {C. Leslie and E. Eskin and W. S. Noble},
  title =	 {The spectrum kernel: a string kernel for {SVM}
                  protein classification},
  editor =	 {R. B. Altman and A. K. Dunker and L. Hunter and
                  K. Lauderdale and T. E. D. Klein},
  booktitle =	 {Pacific Symposium on Biocomputing 2002},
  pages =	 {566--575},
  publisher =	 {World Scientific},
  year =	 2002
}

@article{Micchelli86,
  author =	 {C. A. Micchelli},
  title =	 {Interpolation of scattered data: Distance matrices
                  and conditionally positive definite functions},
  journal =	 {Constr. Approx.},
  year =	 1986,
  volume =	 2,
  pages =	 {11--22}
}

@incollection{MichalskiStepp92,
  author =	 {R. S. Michalski and R. E. Stepp},
  title =	 {Clustering},
  editor =	 {S. C. Shapiro},
  booktitle =	 {Encyclopedia of artificial intelligence},
  publisher =	 {John Wiley \& Sons},
  address =	 {Chichester},
  year =	 1992,
  pages =	 {168--176}
}

@article{PalmeHochreiterBodenhofer15,
  author =	 {J. Palme and S. Hochreiter and U. Bodenhofer},
  title =	 {{KeBABS}: an {R} package for kernel-based analysis
                  of biological sequences},
  journal =	 {Bioinformatics},
  year =	 2015,
  volume =	 31,
  number =	 15,
  pages =	 {2574--2576},
  doi =		 {10.1093/bioinformatics/btv176}
}

@book{SchoelkopfSmola02,
  author =	 {B. Sch\"olkopf and A. J. Smola},
  title =	 {Learning with Kernels},
  year =	 2002,
  publisher =	 {MIT Press},
  series =	 {Adaptive Computation and Machine Learning},
  address =	 {Cambridge, MA}
}

@article{Ward63,
  author =	 {J. H. {Ward Jr.}},
  title =	 {Hierarchical grouping to optimize an objective
                  function},
  journal =	 {J. Amer. Statist. Assoc.},
  volume =	 58,
  pages =	 {236--244},
  year =	 1963
}

@article{Weyl16,
  author =	 {H. Weyl},
  title =	 {{\"U}ber die {G}leichverteilung von {Z}ahlen
                  mod. {E}ins},
  journal =	 {Math. Ann.},
  volume =	 77,
  pages =	 {313--352},
  year =	 1916
}
