@unpublished{sta16,
        author = {Amrei Stammann and Florian Heiss and Daniel McFadden},
        title = {Estimating Fixed Effects Logit Models with Large Panel Data},
        date = {2016},
        pubstate = {Working paper}
}

@article{gre04,
        author = {William Greene},
        title = {The behaviour of the maximum likelihood estimator of limited dependent variable models in the presence of fixed effects},
        journal = {Econometrics Journal},
        date = {2004},
        volume = {7},
        number = {1},
        pages = {98--119},
}

@article{cha80,
        author = {Gary Chamberlain},
        title = {Analysis of Covariance with Qualitative Data},
        journal = {The Review of Economic Studies},
        date = {1980},
        volume = {47},
        number = {1},
        pages = {225--238},
}

@article {han04,
        author = {Jinyong Hahn and Whitney Newey},
        title = {Jackknife and Analytical Bias Reduction for Nonlinear Panel Models},
        journal = {Econometrica},
        date = {2004},
        volume = {72},
        number = {4},
        pages = {1295--1319},
}

@article{edd14,
        title = {RcppArmadillo: Accelerating R with high-performance C++ linear algebra},
        author = {Dirk Eddelbuettel and Conrad Sanderson},
        journal = {Computational Statistics and Data Analysis},
        date = {2014},
        volume = {71},
        pages = {1054--1063},
}

@article {hys99,
        author = {Dean R. Hyslop},
        title = {State Dependence, Serial Correlation and Heterogeneity in Intertemporal Labor Force Participation of Married Women},
        journal = {Econometrica},
        date = {1999},
        volume = {67},
        number = {6},
        pages = {1255--1294},
}

@article{fer09,
        author = {Iv치n Fern치ndez-Val},
        title = {Fixed effects estimation of structural parameters and marginal effects in panel probit models},
        journal = {Journal of Econometrics},
        volume =  {150},
        number = {1},
        pages = {71--85},
        year = {2009},
}

@article{ney48,
        title = {Consistent estimates based on partially consistent observations},
        author = {Jerzy Neyman and Elizabeth L. Scott},
        journal = {Econometrica},
        volume = {16},
        number = {1},
        pages = {1 -- 32},
        year = {1948}
}

@article{fer18,
	author = {Iv치n Fern치ndez-Val and Martin Weidner},
	title = {Fixed Effects Estimation of Large-T Panel Data Models},
	journal = {Annual Review of Economics},
	volume = {10},
	number = {1},
	pages = {109 -- 138},
	year = {2018}
}

@article{hah11,
	author = {Jinyong Hahn and Guido Kuersteiner},
	title = {Bias Reduction for Dynamic Nonlinear Panel Models with Fixed Effects},
	volume = {27},
	number = {6},
	journal = {Econometric Theory},
	pages = {1152 -- 1191},
	year = {2011}
}