% This file was created with JabRef 2.10.
% Encoding: Cp1252


@TechReport{Alquier2014,
  Title                    = {Noisy {M}onte {C}arlo: Convergence of {M}arkov chains with approximate transition kernels},
  Author                   = {Pierre Alquier and Nial Friel and Richard Everitt and Aidan Boland},
  Year                     = {2014},
  Note                     = {arXiv:1403.5496},

  Owner                    = {MMoores},
  Timestamp                = {2014.12.25}
}

@Article{Alston2007,
  Title                    = {{Bayes}ian mixture models in a longitudinal setting for analysing sheep {CAT} scan images},
  Author                   = {Clair L. Alston and Kerrie L. Mengersen and Christian P. Robert and John M. Thompson and P. J. Littlefield and Dianna Perry and Alex. J. Ball},
  Journal                  = {Comput. Stat. Data Anal.},
  Year                     = {2007},
  Pages                    = {4282--4296},
  Volume                   = {51},

  Doi                      = {10.1016/j.csda.2006.05.013},
  Owner                    = {mooresm},
  Timestamp                = {2013.12.16}
}

@Article{Andrieu2008,
  Title                    = {A tutorial on adaptive MCMC},
  Author                   = {Andrieu, Christophe and Thoms, Johannes},
  Journal                  = {Stat. Comput.},
  Year                     = {2008},
  Number                   = {4},
  Pages                    = {343--373},
  Volume                   = {18},

  Doi                      = {10.1007/s11222-008-9110-y}
}

@Article{Besag1986,
  Title                    = {On the Statistical Analysis of Dirty Pictures},
  Author                   = {Besag, Julian},
  Journal                  = {J. R. Stat. Soc. Ser. B},
  Year                     = {1986},
  Number                   = {3},
  Pages                    = {259--302},
  Volume                   = {48},

  Owner                    = {Matt},
  Timestamp                = {2013.09.03}
}

@Article{Besag1975,
  Title                    = {Statistical Analysis of Non-Lattice Data},
  Author                   = {Besag, Julian},
  Journal                  = {J. R. Stat. Soc. Ser. D},
  Year                     = {1975},
  Number                   = {3},
  Pages                    = {179--195},
  Volume                   = {24}
}

@Article{Besag1974,
  Title                    = {Spatial interaction and the statistical analysis of lattice systems},
  Author                   = {Besag, Julian},
  Journal                  = {J. R. Stat. Soc. Ser. B},
  Year                     = {1974},
  Number                   = {2},
  Pages                    = {192--236},
  Volume                   = {36},

  Owner                    = {mooresm},
  Timestamp                = {2013.05.23}
}

@TechReport{Bornn2014,
  Title                    = {A Pseudo-Marginal Perspective on the {ABC} Algorithm},
  Author                   = {Luke Bornn and Natesh Pillai and Aaron Smith and Dawn Woodard},
  Year                     = {2014},
  Note                     = {arXiv:1404.6298},

  Owner                    = {MMoores},
  Timestamp                = {2014.12.25}
}

@Article{Buzbas2015,
  Title                    = {{AABC}: Approximate approximate {B}ayesian computation for inference in population-genetic models},
  Author                   = {Erkan O. Buzbas and Noah A. Rosenberg},
  Journal                  = {Theor. Popul. Biol.},
  Year                     = {2015},
  Pages                    = {31--42},
  Volume                   = {99},

  Doi                      = {10.1016/j.tpb.2014.09.002},
  Owner                    = {MMoores},
  Timestamp                = {2015.01.03}
}

@Article{Cabras2014,
  Title                    = {A Quasi likelihood approximation of posterior distributions for likelihood-intractable complex models},
  Author                   = {Cabras, Stefano and Castellanos, MaríaEugenia and Ruli, Erlis},
  Journal                  = {METRON},
  Year                     = {2014},
  Number                   = {2},
  Pages                    = {153--167},
  Volume                   = {72},

  Doi                      = {10.1007/s40300-014-0040-5},
  Owner                    = {stsrjs},
  Timestamp                = {2014.11.26}
}

@Book{Chen2000,
  Title                    = {{Monte Carlo} Methods in {B}ayesian Computation},
  Author                   = {Chen, Ming-Hui and Shao, Qi-Man and Ibrahim, Joseph G.},
  Publisher                = {Springer-Verlag},
  Year                     = {2000},

  Address                  = {New York},
  Series                   = {Springer Series in Statistics}
}

@Article{Cook2006,
  Title                    = {Validation of Software for {B}ayesian Models Using Posterior Quantiles},
  Author                   = {Cook, Samantha R and Gelman, Andrew and Rubin, Donald B},
  Journal                  = {J. Comput. Graph. Stat.},
  Year                     = {2006},
  Number                   = {3},
  Pages                    = {675--692},
  Volume                   = {15},

  Doi                      = {10.1198/106186006X136976}
}

@Article{Cron2011,
  Title                    = {Efficient Classification-Based Relabeling in Mixture Models},
  Author                   = {Cron, Andrew J. and West, Mike},
  Journal                  = {The American Statistician},
  Year                     = {2011},
  Number                   = {1},
  Pages                    = {16--20},
  Volume                   = {65},

  Doi                      = {10.1198/tast.2011.10170}
}

@Article{Cucala2009,
  Title                    = {A {B}ayesian Reassessment of Nearest-Neighbor Classification},
  Author                   = {Cucala, Lionel and Marin, Jean-Michel and Robert, Christian P. and Titterington, D. M.},
  Journal                  = {J. Am. Stat. Assoc.},
  Year                     = {2009},
  Number                   = {485},
  Pages                    = {263--273},
  Volume                   = {104},

  Doi                      = {10.1198/jasa.2009.0125},
  Owner                    = {mooresm},
  Timestamp                = {2013.05.23}
}

@Article{DelMoral2012,
  Title                    = {An adaptive sequential {M}onte {C}arlo method for approximate {B}ayesian computation},
  Author                   = {{Del Moral}, Pierre and Doucet, Arnaud and Jasra, Ajay},
  Journal                  = {Stat. Comput.},
  Year                     = {2012},
  Number                   = {5},
  Pages                    = {1009--20},
  Volume                   = {22},

  Doi                      = {10.1007/s11222-011-9271-y},
  Owner                    = {stsrjs},
  Timestamp                = {2014.11.26}
}

@Article{Dormann2007,
  Title                    = {Assessing the validity of autologistic regression },
  Author                   = {Carsten F. Dormann},
  Journal                  = {Ecological Modelling },
  Year                     = {2007},
  Number                   = {2--4},
  Pages                    = {234--242},
  Volume                   = {207},

  Doi                      = {10.1016/j.ecolmodel.2007.05.002}
}

@Article{Drovandi2011,
  Title                    = {Estimation of Parameters for Macroparasite Population Evolution Using Approximate {B}ayesian Computation},
  Author                   = {Drovandi, Christopher C. and Pettitt, Anthony N.},
  Journal                  = {Biometrics},
  Year                     = {2011},
  Number                   = {1},
  Pages                    = {225--233},
  Volume                   = {67},

  Doi                      = {10.1111/j.1541-0420.2010.01410.x},
  File                     = {:C\:\\Dropbox\\literature\\Bayesian\\ABC\\DrovandiPettitt2010.pdf:PDF},
  Owner                    = {mooresm},
  Timestamp                = {2013.12.16}
}

@Article{Eddelbuettel2013,
  Title                    = {{RcppArmadillo}: Accelerating {R} with high-performance {C++} linear algebra},
  Author                   = {Dirk Eddelbuettel and Conrad Sanderson},
  Journal                  = {Comput. Stat. Data Anal.},
  Year                     = {2014},
  Pages                    = {1054--63},
  Volume                   = {71},

  Doi                      = {10.1016/j.csda.2013.02.005},
  Owner                    = {mooresm},
  Timestamp                = {2013.07.31}
}

@Article{Everitt2012,
  Title                    = {Bayesian Parameter Estimation for Latent {M}arkov Random Fields and Social Networks},
  Author                   = {Everitt, Richard G.},
  Journal                  = {J. Comput. Graph. Stat.},
  Year                     = {2012},
  Number                   = {4},
  Pages                    = {940-960},
  Volume                   = {21},

  Doi                      = {10.1080/10618600.2012.687493},
  Owner                    = {mooresm},
  Timestamp                = {2013.05.23}
}

@PhdThesis{Feng2008,
  Title                    = {Bayesian hidden {M}arkov normal mixture models with application to {MRI} tissue classification},
  Author                   = {Dai Feng},
  School                   = {University of Iowa},
  Year                     = {2008},

  Owner                    = {Matt},
  Quality                  = {1},
  Timestamp                = {2013.04.21}
}

@Manual{Feng2014,
  Title                    = {{PottsUtils}: Utility Functions of the {P}otts Models},
  Author                   = {Dai Feng and Luke Tierney},
  Note                     = {R package version 0.3-2},
  Year                     = {2014},

  Url                      = {http://CRAN.R-project.org/package=PottsUtils}
}

@Article{Fox2014,
  Title                    = {Joint modeling of multiple time series via the beta process with application to motion capture segmentation},
  Author                   = {Fox, Emily B. and Hughes, Michael C. and Sudderth, Erik B. and Jordan, Michael I.},
  Journal                  = {Ann. Appl. Stat.},
  Year                     = {2014},
  Number                   = {3},
  Pages                    = {1281--1313},
  Volume                   = {8},

  Doi                      = {10.1214/14-AOAS742}
}

@InProceedings{Friel2012,
  Title                    = {Bayesian inference for {G}ibbs random fields using composite likelihoods},
  Author                   = {Friel, Nial},
  Booktitle                = {Proc. Winter Simulation Conference},
  Year                     = {2012},
  Editor                   = {C. Laroque and J. Himmelspach and R. Pasupathy and O. Rose and A. M. Uhrmacher},
  Month                    = {Dec},
  Pages                    = {1--8},

  Doi                      = {10.1109/WSC.2012.6465236}
}

@Article{Friel2013,
  Title                    = {Evidence and {B}ayes Factor Estimation for {G}ibbs Random Fields},
  Author                   = {Friel, Nial},
  Journal                  = {J. Comput. Graph. Stat.},
  Year                     = {2013},
  Number                   = {3},
  Pages                    = {518--532},
  Volume                   = {22},

  Doi                      = {10.1080/10618600.2013.778780}
}

@Article{Friel2014,
  Title                    = {Improving power posterior estimation of statistical evidence},
  Author                   = {Friel, Nial and Hurn, Merrilee and Wyse, Jason},
  Journal                  = {Statistics and Computing},
  Year                     = {2014},
  Number                   = {5},
  Pages                    = {709--723},
  Volume                   = {24},

  Doi                      = {10.1007/s11222-013-9397-1}
}

@Article{Friel2011,
  Title                    = {Classification using distance nearest neighbours},
  Author                   = {Friel, N. and Pettitt, A. N.},
  Journal                  = {Stat. Comput.},
  Year                     = {2011},
  Number                   = {3},
  Pages                    = {431-437},
  Volume                   = {21},

  Doi                      = {10.1007/s11222-010-9179-y}
}

@Article{Friel2008,
  Title                    = {Marginal likelihood estimation via power posteriors},
  Author                   = {Friel, Nial and Pettitt, Anthony N.},
  Journal                  = {J. R. Stat. Soc. Ser. B},
  Year                     = {2008},
  Number                   = {3},
  Pages                    = {589--607},
  Volume                   = {70},

  Doi                      = {10.1111/j.1467-9868.2007.00650.x}
}

@Article{Friel2004,
  Title                    = {Likelihood Estimation and Inference for the Autologistic Model},
  Author                   = {Friel, Nial and Pettitt, Anthony N.},
  Journal                  = {J. Comp. Graph. Stat.},
  Year                     = {2004},
  Number                   = {1},
  Pages                    = {232--246},
  Volume                   = {13},

  Doi                      = {10.1198/1061860043029},
  Owner                    = {MMoores},
  Timestamp                = {2014.11.14}
}

@Article{Friel2009,
  Title                    = {Bayesian Inference in Hidden {M}arkov Random Fields for Binary Data Defined on Large Lattices},
  Author                   = {Friel, N. and Pettitt, A. N. and Reeves, R. and Wit, E.},
  Journal                  = {J. Comp. Graph. Stat.},
  Year                     = {2009},
  Number                   = {2},
  Pages                    = {243--261},
  Volume                   = {18},

  Doi                      = {10.1198/jcgs.2009.06148},
  Owner                    = {Matt},
  Timestamp                = {2013.05.24}
}

@Article{Friel2007,
  Title                    = {Recursive computing and simulation-free inference for general factorizable models},
  Author                   = {Friel, Nial and Rue, H\r{a}vard},
  Journal                  = {Biometrika},
  Year                     = {2007},
  Number                   = {3},
  Pages                    = {661--672},
  Volume                   = {94},

  Doi                      = {10.1093/biomet/asm052}
}

@Article{Garthwaite2010,
  Title                    = {Adaptive optimal scaling of {M}etropolis-{H}astings algorithms using the {R}obbins-{M}onro process},
  Author                   = {P. H. Garthwaite and Y. Fan and S. A. Sisson},
  Journal                  = {Commun. Stat. Theory},
  Year                     = {2016},

  Doi                      = {10.1080/03610926.2014.936562},
  Owner                    = {stsrjs},
  Timestamp                = {2016.03.02}
}

@Article{Gelman1998,
  Title                    = {Simulating normalizing constants: from importance sampling to bridge sampling to path sampling},
  Author                   = {Andrew Gelman and Xiao-Li Meng},
  Journal                  = {Statist. Sci.},
  Year                     = {1998},
  Number                   = {2},
  Pages                    = {163--185},
  Volume                   = {13},

  Doi                      = {10.1214/ss/1028905934},
  Owner                    = {Matt},
  Quality                  = {1},
  Timestamp                = {2013.05.23}
}

@Article{Geman1984,
  Title                    = {Stochastic relaxation, {Gibbs} distributions and the {Bayesian} restoration of images},
  Author                   = {Geman, Stuart and Geman, Donald},
  Journal                  = {IEEE Trans. PAMI},
  Year                     = {1984},
  Pages                    = {721--41},
  Volume                   = {6},

  Owner                    = {mooresm},
  Timestamp                = {2013.12.16}
}

@Manual{Geyer2014,
  Title                    = {{potts}: {M}arkov Chain {M}onte {C}arlo for {P}otts Models},
  Author                   = {Charles J. Geyer and Leif Johnson},
  Note                     = {R package version 0.5-2},
  Year                     = {2014},

  Url                      = {http://CRAN.R-project.org/package=potts}
}

@Article{Geyer1992,
  Title                    = {Constrained {M}onte {C}arlo Maximum Likelihood for Dependent Data},
  Author                   = {Geyer, Charles J. and Thompson, Elizabeth A.},
  Journal                  = {J. R. Stat. Soc. Ser. B},
  Year                     = {1992},
  Number                   = {3},
  Pages                    = {657--699},
  Volume                   = {54}
}

@Article{Green2002,
  Title                    = {Hidden {Markov} models and disease mapping},
  Author                   = {Green, P. J. and Richardson, S.},
  Journal                  = {J. Am. Stat. Assoc.},
  Year                     = {2002},
  Pages                    = {1055--1070},
  Volume                   = {97},

  Owner                    = {mooresm},
  Timestamp                = {2013.12.16}
}

@Article{Grelaud2009,
  Title                    = {{ABC} likelihood-free methods for model choice in {G}ibbs random fields},
  Author                   = {Aude Grelaud and Christian P. Robert and Jean-Michel Marin and Fran{\c c}ois Rodolphe and Jean-Fran{\c c}ois Taly},
  Journal                  = {Bayesian Analysis},
  Year                     = {2009},
  Number                   = {2},
  Pages                    = {317--336},
  Volume                   = {4},

  Doi                      = {10.1214/09-BA412},
  Owner                    = {mooresm},
  Timestamp                = {2013.05.23}
}

@Article{Hajdukovic1983,
  Title                    = {On the location of the critical point of the q-state {P}otts model on the hypercubic lattice},
  Author                   = {D Hajdukovi\'{c}},
  Journal                  = {J. Phys. A: Math. Gen.},
  Year                     = {1983},
  Number                   = {6},
  Pages                    = {L193},
  Volume                   = {16},

  Doi                      = {10.1088/0305-4470/16/6/004},
  Owner                    = {mooresm},
  Timestamp                = {2013.05.27}
}

@Article{Huber2003,
  Title                    = {A bounding chain for {S}wendsen-{W}ang},
  Author                   = {Huber, Mark},
  Journal                  = {Random Struct. Algor.},
  Year                     = {2003},
  Number                   = {1},
  Pages                    = {43--59},
  Volume                   = {22},

  Doi                      = {10.1002/rsa.10071},
  Owner                    = {mooresm},
  Timestamp                = {2013.05.23}
}

@Book{Huber2016,
  Title                    = {Perfect Simulation},
  Author                   = {Huber, Mark L.},
  Publisher                = {Chapman \& Hall/CRC Press},
  Year                     = {2016},
  Series                   = {Monographs on Statistics \& Applied Probability},

  Owner                    = {stsrjs},
  Timestamp                = {2016.11.03}
}

@InCollection{Hurn2003,
  Title                    = {A Tutorial on Image Analysis},
  Author                   = {M A Hurn and O Husby and H Rue},
  Booktitle                = {Spatial Statistics and Computational Methods},
  Publisher                = {Springer-Verlag},
  Year                     = {2003},

  Address                  = {Berlin},
  Editor                   = {J M{\o}ller},
  Pages                    = {87--141},

  Owner                    = {mooresm},
  Timestamp                = {2013.05.23}
}

@Article{Jaffray2002,
  Title                    = {Flat-panel cone-beam computed tomography for image-guided radiation therapy},
  Author                   = {Jaffray, D. A. and Siewerdsen, J. H. and Wong, J. W. and Martinez, A. A.},
  Journal                  = {Int J Radiat Oncol Biol Phys},
  Year                     = {2002},
  Number                   = {5},
  Pages                    = {1337--1349},
  Volume                   = {53},

  Doi                      = {10.1016/S0360-3016(02)02884-5},
  Owner                    = {Matt},
  Timestamp                = {2013.05.24}
}

@Article{Jin2014,
  Title                    = {Use of {SAMC} for {B}ayesian analysis of statistical models with intractable normalizing constants },
  Author                   = {Ick-Hoon Jin and Faming Liang},
  Journal                  = {Comput. Stat. Data Anal.},
  Year                     = {2014},
  Pages                    = {402--416},
  Volume                   = {71},

  Doi                      = {10.1016/j.csda.2012.07.005}
}

@Book{Kalender2011,
  Title                    = {Computed Tomography: Fundamentals, System Technology, Image Quality, Applications},
  Author                   = {Kalender, W. A.},
  Publisher                = {Publicis},
  Year                     = {2011},

  Address                  = {Erlangen},
  Edition                  = {3$^{\mathrm{rd}}$},

  Owner                    = {Matt},
  Timestamp                = {2013.05.24}
}

@Book{Li2009,
  Title                    = {{Markov} Random Field Modeling in Image Analysis},
  Author                   = {Li, S. Z.},
  Publisher                = {Springer},
  Year                     = {2009},

  Address                  = {Dordrecht},
  Edition                  = {3$^{\mathrm{rd}}$}
}

@Article{Liang2010,
  Title                    = {A double {M}etropolis {H}astings sampler for spatial models with intractable normalizing constants},
  Author                   = {Liang, Faming},
  Journal                  = {J. Stat. Comput. Sim.},
  Year                     = {2010},
  Number                   = {9},
  Pages                    = {1007--1022},
  Volume                   = {80},

  Doi                      = {10.1080/00949650902882162}
}

@Article{Liang2015,
  Title                    = {An Adaptive Exchange Algorithm for Sampling from Distributions with Intractable Normalizing Constants},
  Author                   = {Liang, Faming and Jin, Ick Hoon and Song, Qifan and Liu, Jun S.},
  Journal                  = {J. Am. Stat. Assoc.},
  Year                     = {2015},
  Volume                   = {to appear},

  Doi                      = {10.1080/01621459.2015.1009072}
}

@Article{Liang2013,
  Title                    = {A {M}onte {C}arlo {M}etropolis-{H}astings Algorithm for Sampling from Distributions with Intractable Normalizing Constants},
  Author                   = {Liang, Faming and Jin, Ick-Hoon},
  Journal                  = {Neural Comput.},
  Year                     = {2013},
  Number                   = {8},
  Pages                    = {2199--2234},
  Volume                   = {25},

  Doi                      = {10.1162/NECO_a_00466}
}

@Article{Liu2003,
  Title                    = {The critical temperature of two-dimensional and three-dimensional Ising models},
  Author                   = {B. Liu and M. Gitterman},
  Journal                  = {American Journal of Physics},
  Year                     = {2003},
  Number                   = {8},
  Pages                    = {806-808},
  Volume                   = {71},

  Doi                      = {10.1119/1.1579495},
  Owner                    = {mooresm},
  Timestamp                = {2013.05.23}
}

@TechReport{Lyne2015,
  Title                    = {On {R}ussian Roulette Estimates for {B}ayesian inference with Doubly-Intractable Likelihoods},
  Author                   = {Lyne, Anne-Marie and Girolami, Mark and Atchade, Yves and Strathmann, Heiko and Simpson, Daniel},
  Year                     = {2015},
  Note                     = {arXiv:1306.4032 [stat.ME]},

  Owner                    = {stsrjs},
  Timestamp                = {2015.03.26}
}

@Article{Moeller2006,
  Title                    = {An Efficient {M}arkov Chain {M}onte {C}arlo Method for Distributions with Intractable Normalising Constants},
  Author                   = {M{\o}ller, J. and Pettitt, A. N. and Reeves, R. and Berthelsen, K. K.},
  Journal                  = {Biometrika},
  Year                     = {2006},
  Number                   = {2},
  Pages                    = {451--458},
  Volume                   = {93},

  Doi                      = {10.1093/biomet/93.2.451},
  Owner                    = {mooresm},
  Timestamp                = {2013.05.23}
}

@Article{Marin2012,
  Title                    = {Approximate {B}ayesian computational methods},
  Author                   = {Marin, Jean-Michel and Pudlo, Pierre and Robert, Christian P. and Ryder, Robin J.},
  Journal                  = {Stat. Comput.},
  Year                     = {2012},
  Number                   = {6},
  Pages                    = {1167--1180},
  Volume                   = {22},

  Doi                      = {10.1007/s11222-011-9288-2}
}

@Book{Marin2007,
  Title                    = {Bayesian core: a practical approach to computational Bayesian statistics},
  Author                   = {Marin, Jean-Michel and Robert, Christian P},
  Publisher                = {Springer},
  Year                     = {2007},

  Address                  = {New York},
  Series                   = {Springer Texts in Statistics},

  Owner                    = {mooresm},
  Timestamp                = {2013.01.14}
}

@Article{Marjoram2003,
  Title                    = {Markov chain {M}onte {C}arlo without likelihoods},
  Author                   = {Marjoram, Paul and Molitor, John and Plagnol, Vincent and Tavar{\'e}, Simon},
  Journal                  = {Proc. Natl Acad. Sci.},
  Year                     = {2003},
  Number                   = {26},
  Pages                    = {15324--15328},
  Volume                   = {100},

  Doi                      = {10.1073/pnas.0306899100},
  Owner                    = {stsrjs},
  Timestamp                = {2014.11.25}
}

@Article{McGrory2012,
  Title                    = {Variational {B}ayes and the Reduced Dependence Approximation for the Autologistic Model on an Irregular Grid With Applications},
  Author                   = {McGrory, Clare A. and Pettitt, Anthony N. and Reeves, Robert and Griffin, Mark and Dwyer, Mark},
  Journal                  = {J. Comput. Graph. Stat.},
  Year                     = {2012},
  Number                   = {3},
  Pages                    = {781-796},
  Volume                   = {21},

  Doi                      = {10.1080/10618600.2012.632232},
  Owner                    = {mooresm},
  Timestamp                = {2013.05.23}
}

@Article{McGrory2009,
  Title                    = {Variational {B}ayes for estimating the parameters of a hidden {P}otts model},
  Author                   = {McGrory, Clare A. and Titterington, D.M. and Reeves, Robert and Pettitt, Anthony N.},
  Journal                  = {Stat. Comput.},
  Year                     = {2009},
  Number                   = {3},
  Pages                    = {329--340},
  Volume                   = {19},

  Doi                      = {10.1007/s11222-008-9095-6},
  Issue                    = {3},
  Owner                    = {mooresm},
  Timestamp                = {2013.05.23}
}

@Article{McNaught2014,
  Title                    = {Effect of Broadcast Baiting on Abundance Patterns of Red Imported Fire Ants (Hymenoptera: Formicidae) and Key Local Ant Genera at Long-Term Monitoring Sites in {B}risbane, {A}ustralia},
  Author                   = {McNaught, Melinda K. and Wylie, F. Ross and Harris, Evan J. and Alston, Clair L. and Burwell, Chris J. and Jennings, Craig},
  Journal                  = {J. Econ. Entomol.},
  Year                     = {2014},
  Number                   = {4},
  Pages                    = {1307--1315},
  Volume                   = {107},

  Doi                      = {doi:10.1603/EC14008}
}

@Article{Minvielle2010,
  Title                    = {A {B}ayesian approach to joint tracking and identification of geometric shapes in video sequences},
  Author                   = {Pierre Minvielle and Arnaud Doucet and Alan Marrs and Simon Maskell},
  Journal                  = {Image and Vision Computing },
  Year                     = {2010},
  Number                   = {1},
  Pages                    = {111--123},
  Volume                   = {28},

  Doi                      = {10.1016/j.imavis.2009.05.002},
  Owner                    = {MMoores},
  Timestamp                = {2014.11.09}
}

@Article{Moores2014,
  Title                    = {Pre-processing for approximate {B}ayesian computation in image analysis},
  Author                   = {M. T. Moores and C. C. Drovandi and K. Mengersen and C. P. Robert},
  Journal                  = {Stat. Comput.},
  Year                     = {2015},
  Number                   = {1},
  Pages                    = {23--33},
  Volume                   = {25},

  __markedentry            = {[stsrjs:6]},
  Doi                      = {10.1007/s11222-014-9525-6},
  Owner                    = {mooresm},
  Timestamp                = {2013.11.12}
}

@Electronic{Moores2015,
  Title                    = {{bayesImageS}: {B}ayesian methods for image segmentation using a hidden {P}otts model},

  Address                  = {Brisbane, Australia},
  Author                   = {Moores, Matthew T. and Mengersen, Kerrie},
  Note                     = {R package version 0.1-21},
  Organization             = {Queensland University of Technology},
  Url                      = {https://researchdatafinder.qut.edu.au/display/n11957},
  Year                     = {2015},

  Owner                    = {MMoores},
  Timestamp                = {2015.01.17}
}

@InProceedings{Moores2014a,
  Title                    = {Bayesian approaches to spatial inference: modelling and computational challenges and solutions},
  Author                   = {M. T. Moores and K. Mengersen},
  Booktitle                = {Proc. 33$^{rd}$ Int. Wkshp MaxEnt},
  Year                     = {2014},

  Address                  = {Canberra, Australia},
  Pages                    = {112--117},
  Publisher                = {Amer. Inst. Physics},
  Series                   = {AIP Conf. Proc.},
  Volume                   = {1636},

  Doi                      = {10.1063/1.4903701},
  Owner                    = {mooresm},
  Timestamp                = {2013.11.12}
}

@Article{Munkres1957,
  Title                    = {Algorithms for the Assignment and Transportation Problems},
  Author                   = {Munkres, James},
  Journal                  = {J. Soc. Indust. Appl. Math.},
  Year                     = {1957},
  Number                   = {1},
  Pages                    = {32--38},
  Volume                   = {5}
}

@InProceedings{Murray2006,
  Title                    = {{MCMC} for Doubly-intractable Distributions},
  Author                   = {Iain Murray and Zoubin Ghahramani and David J. C. MacKay},
  Booktitle                = {Proc. $22^{nd}$ Conf. UAI},
  Year                     = {2006},

  Address                  = {Arlington, VA},
  Pages                    = {359--366},
  Publisher                = {AUAI Press}
}

@TechReport{NASA2011,
  Title                    = {Landsat 7 Science Data Users Handbook},
  Author                   = {NASA},
  Institution              = {National Aeronautics and Space Administration},
  Year                     = {2011},

  Owner                    = {mooresm},
  Timestamp                = {2014.05.20},
  Url                      = {http://landsathandbook.gsfc.nasa.gov/}
}

@Article{Okabayashi2011,
  Title                    = {Extending pseudo-likelihood for {P}otts models},
  Author                   = {Saisuke Okabayashi and Leif Johnson and Charles J. Geyer},
  Journal                  = {Statistica Sinica},
  Year                     = {2011},
  Pages                    = {331--347},
  Volume                   = {21},

  Owner                    = {MMoores},
  Timestamp                = {2014.11.14}
}

@Article{Pettitt2003,
  Title                    = {Efficient calculation of the normalizing constant of the autologistic and related models on the cylinder and lattice},
  Author                   = {Pettitt, Anthony N. and Friel, Nial and Reeves, Robert},
  Journal                  = {J. R. Stat. Soc. Ser. B},
  Year                     = {2003},
  Number                   = {1},
  Pages                    = {235--246},
  Volume                   = {65},

  Doi                      = {10.1111/1467-9868.00383}
}

@Article{Pickard1987,
  Title                    = {Inference for Discrete {M}arkov Fields: The Simplest Nontrivial Case},
  Author                   = {Pickard, David K.},
  Journal                  = {J. Am. Stat. Assoc.},
  Year                     = {1987},
  Number                   = {397},
  Pages                    = {90--96},
  Volume                   = {82},

  Doi                      = {10.1080/01621459.1987.10478394}
}

@Article{Pinter2003,
  Title                    = {Remote sensing for crop management},
  Author                   = {Paul J. Pinter and Jerry L. Hatfield and James S. Schepers and Edward M. Barnes and M. Susan Moran and Craig S.T. Daughtry and Dan R. Upchurch},
  Journal                  = {PHOTOGRAMMETRIC ENGINEERING AND REMOTE SENSING},
  Year                     = {2003},
  Number                   = {6},
  Pages                    = {647--664},
  Volume                   = {69}
}

@Article{Potts1952,
  Title                    = {Some generalized order-disorder transformations},
  Author                   = {Potts, Renfrey B.},
  Journal                  = {Proc. Camb. Philos. Soc.},
  Year                     = {1952},
  Pages                    = {106--9},
  Volume                   = {48},

  Doi                      = {10.1017/S0305004100027419},
  Issue                    = {1},
  Owner                    = {mooresm},
  Timestamp                = {2013.05.23}
}

@Article{Prangle2014,
  Title                    = {Lazy {ABC}},
  Author                   = {Dennis Prangle},
  Journal                  = {Stat. Comput.},
  Year                     = {2016},
  Number                   = {1},
  Pages                    = {171--185},
  Volume                   = {26},

  Doi                      = {10.1007/s11222-014-9544-3},
  Owner                    = {stsrjs},
  Timestamp                = {2014.11.26}
}

@Article{Propp1996,
  Title                    = {Exact sampling with coupled {M}arkov chains and applications to statistical mechanics},
  Author                   = {Propp, J. G. and Wilson, D. B.},
  Journal                  = {Random Struct. Algor.},
  Year                     = {1996},
  Number                   = {1--2},
  Pages                    = {223--252},
  Volume                   = {9},

  Doi                      = {10.1002/(SICI)1098-2418(199608/09)9:1/2<223::AID-RSA14>3.0.CO;2-O},
  Owner                    = {mooresm},
  Timestamp                = {2013.05.23}
}

@Article{Reeves2004,
  Title                    = {Efficient Recursions for General Factorisable Models},
  Author                   = {Reeves, R. and Pettitt, A. N.},
  Journal                  = {Biometrika},
  Year                     = {2004},
  Number                   = {3},
  Pages                    = {751--757},
  Volume                   = {91},

  Doi                      = {10.1093/biomet/91.3.751}
}

@Article{Roberts2004,
  Title                    = {General state space {M}arkov chains and {MCMC} algorithms},
  Author                   = {Gareth O. Roberts and Jeffrey S. Rosenthal},
  Journal                  = {Probability Surveys},
  Year                     = {2004},
  Pages                    = {20--71},
  Volume                   = {1},

  Doi                      = {10.1214/154957804100000024},
  Owner                    = {stsrjs},
  Timestamp                = {2014.10.30}
}

@Article{Ryden1998,
  Title                    = {Computational {B}ayesian Analysis of Hidden {M}arkov Models},
  Author                   = {Ryd{\'e}n, Tobias and Titterington, D. M.},
  Journal                  = {J. Comput. Graph. Stat.},
  Year                     = {1998},
  Number                   = {2},
  Pages                    = {194--211},
  Volume                   = {7},

  Doi                      = {10.1080/10618600.1998.10474770},
  Owner                    = {mooresm},
  Timestamp                = {2013.05.23}
}

@Article{Sherman2006,
  Title                    = {On estimation in binary autologistic spatial models},
  Author                   = {Sherman, Michael and Apanasovich, Tatiyana V. and Carroll, Raymond J.},
  Journal                  = {Journal of Statistical Computation and Simulation},
  Year                     = {2006},
  Number                   = {2},
  Pages                    = {167--179},
  Volume                   = {76},

  Doi                      = {10.1080/00949650412331320873}
}

@InCollection{Simoncelli1999,
  Title                    = {{B}ayesian Multi-Scale Differential Optical Flow},
  Author                   = {Eero P. Simoncelli},
  Booktitle                = {Handbook of computer vision and applications},
  Publisher                = {Academic Press},
  Year                     = {1999},

  Address                  = {San Diego},
  Chapter                  = {14},
  Editor                   = {Bernd J{\"a}hne and Horst Haussecker and Peter Geissler},
  Pages                    = {397--422},
  Volume                   = {2},

  Owner                    = {stsrjs},
  Timestamp                = {2014.11.10}
}

@Article{Small2005,
  Title                    = {A global analysis of urban reflectance},
  Author                   = {Small, C.},
  Journal                  = {International Journal of Remote Sensing},
  Year                     = {2005},
  Number                   = {4},
  Pages                    = {661-681},
  Volume                   = {26},

  Doi                      = {10.1080/01431160310001654950}
}

@TechReport{Stoehr2015,
  Title                    = {Calibration of conditional composite likelihood for {B}ayesian inference on {G}ibbs random fields},
  Author                   = {Julien Stoehr and Nial Friel},
  Year                     = {2015},
  Note                     = {arXiv:1502.01997 [math.ST]},

  Owner                    = {stsrjs},
  Timestamp                = {2015.03.26}
}

@InCollection{Strickland2012,
  Title                    = {A {P}ython package for {B}ayesian estimation using {M}arkov chain {Monte Carlo}},
  Author                   = {Christopher M. Strickland and Robert J. Denham and Clair L. Alston and Kerrie L. Mengersen},
  Booktitle                = {Case Studies in Bayesian Statistical Modelling and Analysis},
  Publisher                = {Wiley},
  Year                     = {2012},
  Chapter                  = {25},
  Editor                   = {Alston, Clair L. and Mengersen, Kerrie L. and Pettitt, Anthony N.},
  Pages                    = {421--460},
  Series                   = {Wiley Series in Probability and Statistics},

  Owner                    = {mooresm},
  Timestamp                = {2013.08.05}
}

@Article{Swendsen1987,
  Title                    = {Nonuniversal critical dynamics in {Monte Carlo} simulations},
  Author                   = {Swendsen, Robert H. and Wang, Jian-Sheng},
  Journal                  = {Phys. Rev. Lett.},
  Year                     = {1987},
  Pages                    = {86--88},
  Volume                   = {58},

  Doi                      = {10.1103/PhysRevLett.58.86},
  Issue                    = {2},
  Owner                    = {mooresm},
  Timestamp                = {2013.05.27}
}

@TechReport{USGS2014,
  Title                    = {Landsat 8},
  Author                   = {USGS},
  Institution              = {United States Geological Survey},
  Year                     = {2014},

  Address                  = {Reston, VA},
  Month                    = {June},

  Owner                    = {MMoores},
  Timestamp                = {2014.07.10},
  Url                      = {http://landsat.usgs.gov/landsat8.php}
}

@Article{Varin2011,
  Title                    = {An overview of composite likelihood methods},
  Author                   = {Cristiano Varin and Nancy Reid and David Firth},
  Journal                  = {Statistica Sinica},
  Year                     = {2011},
  Pages                    = {5--42},
  Volume                   = {21},

  Owner                    = {stsrjs},
  Timestamp                = {2014.11.10}
}

@Article{Watanabe2013,
  Title                    = {A widely applicable {B}ayesian information criterion},
  Author                   = {Sumio Watanabe},
  Journal                  = {J. Mach. Learn. Res.},
  Year                     = {2013},
  Pages                    = {867--97},
  Volume                   = {14},

  Owner                    = {MMoores},
  Timestamp                = {2014.09.03}
}

@InProceedings{Wilkinson2014,
  Title                    = {Accelerating {ABC} methods using {G}aussian processes},
  Author                   = {Richard D. Wilkinson},
  Booktitle                = {Proc. 17th Int. Conf. AISTATS},
  Year                     = {2014},
  Editor                   = {Samuel Kaski and Jukka Corander},
  Pages                    = {1015--1023},
  Series                   = {JMLR W\&CP},
  Volume                   = {33},

  Owner                    = {stsrjs},
  Timestamp                = {2014.11.26}
}

@Book{Winkler2003,
  Title                    = {Image Analysis, Random Fields and {Markov chain {Monte} Carlo} Methods: A Mathematical Introduction},
  Author                   = {Winkler, Gerhard},
  Publisher                = {Springer-Verlag},
  Year                     = {2003},

  Address                  = {Berlin Heidelberg},
  Edition                  = {2${}^\mathrm{nd}$}
}

@comment{jabref-meta: selector_review:}

@comment{jabref-meta: selector_publisher:}

@comment{jabref-meta: selector_author:}

@comment{jabref-meta: selector_journal:}

@comment{jabref-meta: selector_keywords:}

