
@Article{Teo_JMLR_2010,
  author       = {Teo, Choon Hui and Vishwanathan, S.V.N. and Smola, Alex and Le, Quoc V.},
  title        = {Bundle Methods for Regularized Risk Minimization},
  journal      = {Journal of Machine Learning Research},
  year         = 2010,
  volume       = 11,
  pages        = {311--365}
}


@ARTICLE{Do_JMLR_2012,
         author = {Do, Trinh-Minh-Tri and Artieres, Thierry},
       projects = {Idiap},
          month = dec,
          title = {Regularized Bundle Methods for Convex and Non-Convex Risks},
        journal = {Journal of Machine Learning Research},
         volume = {13},
           year = {2012},
          pages = {3539-3583}
}