@Article{He_2020,
  doi = {10.1534/genetics.119.302940},
  url = {https://doi.org/10.1534/genetics.119.302940},
  year = {2020},
  month = {mar},
  publisher = {Genetics Society of America},
  pages = {genetics.302940.2019},
  author = {Liang He and Alexander M. Kulminski},
  title = {Fast Algorithms for Conducting Large-Scale {GWAS} of Age-at-Onset Traits Using Cox Mixed-Effects Models},
  journal = {Genetics},
}
