% Encoding: UTF-8

@Article{Warton2015,
  author    = {Warton, David I. and Blanchet, F. Guillaume and O'Hara, Robert B. and Ovaskainen, Otso and Taskinen, Sara and Walker, Steven C. and Hui, Francis K.C.},
  title     = {So Many Variables: Joint Modeling in Community Ecology},
  journal   = {Trends in Ecology \& Evolution},
  year      = {2015},
  volume    = {30},
  number    = {12},
  pages     = {766-779},
  issn      = {0169-5347},
  doi       = {10.1016/j.tree.2015.09.007},
  url       = {http://dx.doi.org/10.1016/j.tree.2015.09.007},
  booktitle = {Trends in Ecology \& Evolution},
  comment   = {doi: 10.1016/j.tree.2015.09.007},
  file      = {Warton2015-TREE.pdf:Warton2015-TREE.pdf:PDF},
  owner     = {ghislain},
  publisher = {Elsevier},
  timestamp = {2016.09.29},
}

@article{Wilkinson2019,
author = {Wilkinson, David P. and Golding, Nick and Guillera-Arroita, Gurutzeta and Tingley, Reid and McCarthy, Michael A.},
title = {A comparison of joint species distribution models for presence-absence data},
journal = {Methods in Ecology and Evolution},
volume = {10},
number = {2},
pages = {198-211},
keywords = {biotic interactions, community assembly, hierarchical models, joint species distribution model, latent factors, presence-absence, residual correlation},
doi = {10.1111/2041-210X.13106},
url = {https://besjournals.onlinelibrary.wiley.com/doi/abs/10.1111/2041-210X.13106},
eprint = {https://besjournals.onlinelibrary.wiley.com/doi/pdf/10.1111/2041-210X.13106},
year = {2019}
}

@article{Albert1993,
author = {Albert, James H. and Chib Siddhartha },
title = {Bayesian Analysis of Binary and Polychotomous Response Data},
journal = {Journal of the American Statistical Association},
volume = {88},
number = {422},
pages = {669-679},
keywords = {binary probit, data augmentation, gibbs sampling, hierarchical Bayes modeling, latent data, logit model, multinomial probit, residual analysis, student-t link function},
doi = {10.1080/01621459.1993.10476321},
url = {https://amstat.tandfonline.com/doi/abs/10.1080/01621459.1993.10476321},
eprint = {https://amstat.tandfonline.com/doi/pdf/10.1080/01621459.1993.10476321},
year = {1993}
}