@article{morais2018,
  title={Global drivers of reef fish growth},
  author={Morais, Renato A and Bellwood, David R},
  journal={Fish and Fisheries},
  volume={19},
  number={5},
  pages={874--889},
  year={2018},
  publisher={Wiley Online Library}
}
@article{barneche2018,
  title={The energetics of fish growth and how it constrains food-web trophic structure},
  author={Barneche, Diego R and Allen, Andrew P},
  journal={Ecology letters},
  volume={21},
  number={6},
  pages={836--844},
  year={2018},
  publisher={Wiley Online Library}
}
@article{Froese2018,
abstract = {Froese, R. and D. Pauly. Editors. 2018.FishBase. World Wide Web electronic publication. www.fishbase.org, ( 02/2018 )},
author = {Froese, R. and Pauly, D.},
journal = {World Wide Web electronic publication.},
title = {{FishBase}},
year = {2018}
}

@article{Schiettekatte2020,
title ={Nutrient limitation, bioenergetics, and stoichiometry: a new model to predict elemental fluxes mediated by fishes},
author = {Schiettekatte, N.M.D. and Barneche, D.R. and Villéger, S. and Allgeier, J.E. and Burkepile, D.E. and Brandl, S.J. and Casey, J.M. and Mercière, A. and Munsterman, K.S. and Morat, F. and Parravicini, V.},
year = {2020},
journal = {Functional ecology},
number = {Accepted Author Manuscript.},
doi = {10.1111/1365-2435.13618}
}