@article{Huntley:2006gs,
author = {Huntley, D J},
title = {{An explanation of the power-law decay of luminescence}},
journal = {Journal of Physics: Condensed Matter},
year = {2006},
volume = {18},
number = {4},
pages = {1359--1365},
doi = {10.1088/0953-8984/18/4/020}
}

@book{Chen_2011vn,
author = {Chen, R and Pagonis, Vasilis},
title = {{Thermally and Optically Stimulated Luminescence - A Simulation Approach}},
publisher = {John Wiley {\&} Sons, Ltd},
year = {2011},
series = {Thermally and Optically Stimulated Luminescence A Simulation Approach}
}

@article{Jain:2012ic,
author = {Jain, Mayank and Guralnik, Benny and Andersen, Martin Thalbitzer},
title = {{Stimulated luminescence emission from localized recombination in randomly distributed defects}},
journal = {Journal of Physics: Condensed Matter},
year = {2012},
volume = {24},
number = {38},
pages = {385402},
doi = {10.1088/0953-8984/24/38/385402}
}

@article{Bulur_1996rc,
author = {Bulur, Enver},
title = {{An Alternative Technique For Optically Stimulated Luminescence (OSL) Experiment}},
journal = {Radiation Measurements},
year = {1996},
volume = {26},
number = {5},
pages = {701--709},
doi = {10.1016/S1350-4487(97)82884-3}
}

@article{Pagonis:2019hk,
author = {Pagonis, Vasilis and Friedrich, Johannes and Discher, Michael and M{\"u}ller-Kirschbaum, Anna and Schlosser, Veronika and Kreutzer, Sebastian and Chen, Reuven and Schmidt, Christoph},
title = {{Excited state luminescence signals from a random distribution of defects_ A new Monte Carlo simulation approach for feldspar}},
journal = {Journal of Luminescence},
year = {2019},
volume = {207},
pages = {266--272},
doi = {10.1016/j.jlumin.2018.11.024}
}





