@article{
	RT,
	author = {Vakulenko-Lagun, B. and Mandel, M. and Betensky, R. A.},
	Title = {Inverse probability weighting methods for Cox regression with right-truncated data},
	Journal = {Biometrics},
	url={https://doi.org/10.1111/biom.13162},
	Year = {2019}
}

@article{
	Kalbfeisch,
	author = {Kalbfeisch, J. D. and Lawless, J. F.},
	Title = {Inference based on retrospective ascertainment: an analysis of the data on transfusion-related {AIDS}},
	Journal = {Journal of the American Statistical Association},
	Volume = {84},
	Number = {406},
	Pages = {360-372},
	Year = {1989}
}

