% Encoding: ISO-8859-1

@ARTICLE{VanErvenSzabo2018,
  author = {Tim {van Erven} and Botond Szabo},
  title = {Fast Exact Bayesian Inference for Sparse Signals in the Normal Sequence Model},
  journal = {ArXiv:1810.10883 Preprint},
  note = {Available from \url{http://arxiv.org/abs/1810.10883}},
  year = {2018}
}

@ARTICLE{castillo2012,
  Title                    = {Needles and Straw in a Haystack: Posterior concentration for possibly sparse sequences},
  Author                   = {Castillo, Isma{\"e}l and van der Vaart, Aad},
  Journal                  = {Ann. Statist.},
  Year                     = {2012},

  Month                    = {08},
  Number                   = {4},
  Pages                    = {2069--2101},
  Volume                   = {40},

  Doi                      = {10.1214/12-AOS1029},
  Fjournal                 = {The Annals of Statistics},
  Publisher                = {The Institute of Mathematical Statistics},
  Url                      = {http://dx.doi.org/10.1214/12-AOS1029}
}


