
@article{tibshirani_regression_1996a,
	title = {Regression {Shrinkage} and {Selection} via the {Lasso}},
	volume = {58},
	issn = {00359246},
	number = {1},
	journal = {Journal of the Royal Statistical Society. Series B (Methodological)},
	author = {Tibshirani, Robert},
	year = {1996},
	pages = {267--288}
}

@book{hastie_statistical_2015,
	address = {Boca Raton},
	series = {Monographs on statistics and applied probability},
	title = {Statistical learning with sparsity: the lasso and generalizations},
	isbn = {978-1-4987-1216-3},
	shorttitle = {Statistical learning with sparsity},
	number = {143},
	publisher = {CRC Press, Taylor \& Francis Group},
	author = {Hastie, Trevor and Tibshirani, Robert and Wainwright, Martin},
	year = {2015},
	keywords = {Least squares, Linear models (Statistics), Mathematical statistics, Proof theory}
}

@article{ma_alternating_2013a,
	title = {Alternating {Direction} {Method} of {Multipliers} for {Sparse} {Principal} {Component} {Analysis}},
	volume = {1},
	issn = {2194-668X, 2194-6698},
	doi = {10.1007/s40305-013-0016-9},
	language = {English},
	number = {2},
	journal = {Journal of the Operations Research Society of China},
	author = {Ma, Shiqian},
	month = jun,
	year = {2013},
	pages = {253--274},
	file = {[Ma.2013] Alternating Direction Method of Multipliers for Sparse Principal Component.pdf:/home/kisung/Dropbox/VP. Packages/ADMM/[Ma.2013] Alternating Direction Method of Multipliers for Sparse Principal Component.pdf:application/pdf}
}

@article{candes_robust_2011a,
	title = {Robust principal component analysis?},
	volume = {58},
	issn = {00045411},
	doi = {10.1145/1970392.1970395},
	language = {English},
	number = {3},
	journal = {Journal of the ACM},
	author = {Candès, Emmanuel J. and Li, Xiaodong and Ma, Yi and Wright, John},
	month = may,
	year = {2011},
	pages = {1--37},
	file = {[Candès.2011] Robust principal component analysis.pdf:/home/kisung/Dropbox/VP. Packages/ADMM/[Candès.2011] Robust principal component analysis.pdf:application/pdf}
}

@article{zou_regularization_2005a,
	title = {Regularization and variable selection via the elastic net},
	volume = {67},
	issn = {1369-7412, 1467-9868},
	doi = {10.1111/j.1467-9868.2005.00503.x},
	language = {English},
	number = {2},
	journal = {Journal of the Royal Statistical Society: Series B (Statistical Methodology)},
	author = {Zou, Hui and Hastie, Trevor},
	month = apr,
	year = {2005},
	pages = {301--320},
	file = {[Zou.2005] Regularization and variable selection via the elastic net.pdf:/home/kisung/Dropbox/VP. Packages/ADMM/[Zou.2005] Regularization and variable selection via the elastic net.pdf:application/pdf}
}

@article{tibshirani_solution_2011,
	title = {The solution path of the generalized lasso},
	volume = {39},
	issn = {0090-5364},
	doi = {10.1214/11-AOS878},
	language = {English},
	number = {3},
	journal = {The Annals of Statistics},
	author = {Tibshirani, Ryan J. and Taylor, Jonathan},
	month = jun,
	year = {2011},
	pages = {1335--1371},
	file = {[Tibshirani.2011] The solution path of the generalized lasso.pdf:/home/kisung/Dropbox/VP. Packages/ADMM/[Tibshirani.2011] The solution path of the generalized lasso.pdf:application/pdf}
}

@article{zhu_augmented_2017,
	title = {An {Augmented} {ADMM} {Algorithm} {With} {Application} to the {Generalized} {Lasso} {Problem}},
	volume = {26},
	issn = {1061-8600, 1537-2715},
	doi = {10.1080/10618600.2015.1114491},
	language = {English},
	number = {1},
	journal = {Journal of Computational and Graphical Statistics},
	author = {Zhu, Yunzhang},
	month = jan,
	year = {2017},
	pages = {195--204},
	file = {[Zhu.2017] An Augmented ADMM Algorithm With Application to the Generalized Lasso Problem.pdf:/home/kisung/Dropbox/VP. Packages/ADMM/[Zhu.2017] An Augmented ADMM Algorithm With Application to the Generalized Lasso Problem.pdf:application/pdf}
}

@article{wen_alternating_2010a,
	title = {Alternating direction augmented {Lagrangian} methods for semidefinite programming},
	volume = {2},
	issn = {1867-2949, 1867-2957},
	doi = {10.1007/s12532-010-0017-1},
	language = {en},
	number = {3-4},
	journal = {Mathematical Programming Computation},
	author = {Wen, Zaiwen and Goldfarb, Donald and Yin, Wotao},
	month = dec,
	year = {2010},
	pages = {203--230},
	file = {[Wen.2010] Alternating direction augmented Lagrangian methods for semidefinite programming.pdf:/home/kisung/Dropbox/VP. Packages/ADMM/[Wen.2010] Alternating direction augmented Lagrangian methods for semidefinite programming.pdf:application/pdf}
}