@article{may,
      title={Maximum likelihood estimation in generalized linear models with multiple covariates subject to detection limits},
  author={May, Ryan C and Ibrahim, Joseph G and Chu, Haitao},
  journal={Statistics in medicine},
  volume={30},
  number={20},
  pages={2551--2561},
  year={2011},
  publisher={Wiley Online Library}
}