
@article{bogdan2015,
  title = {{{SLOPE}} - Adaptive Variable Selection via Convex Optimization},
  author = {Bogdan, Małgorzata and van den Berg, Ewout and {Chiara Sabatti} and {Weijie Su} and {Emmanuel J. Candès}},
  date = {2015},
  journaltitle = {The annals of applied statistics},
  shortjournal = {Ann Appl Stat},
  volume = {9},
  pages = {1103--1140},
  issn = {1932-6157},
  doi = {10.1214/15-AOAS842},
  url = {https://projecteuclid.org/euclid.aoas/1446488733},
  urldate = {2018-12-17},
  eprint = {26709357},
  eprinttype = {pmid},
  number = {3}
}

@article{brzyski2018,
  title = {Group {{SLOPE}} -- Adaptive Selection of Groups of Predictors},
  author = {Brzyski, Damian and Gossmann, Alexej and Su, Weijie and Bogdan, Małgorzata},
  date = {2018-01-15},
  journaltitle = {Journal of the American Statistical Association},
  shortjournal = {Journal of the American Statistical Association},
  pages = {1--15},
  issn = {0162-1459},
  doi = {10/gfrd93},
  url = {https://amstat.tandfonline.com/doi/full/10.1080/01621459.2017.1411269},
  urldate = {2018-12-17}
}

@article{jia2010,
  title = {On Model Selection Consistency of the Elastic Net When p {$>>$} n},
  author = {Jia, J. and Yu, B.},
  date = {2010},
  journaltitle = {Statistica Sinica},
  volume = {20},
  pages = {595--611},
  number = {2}
}

@article{su2016,
  title = {{{SLOPE}} Is Adaptive to Unknown Sparsity and Asymptotically Minimax},
  author = {Su, Weijie and Candès, Emmanuel},
  date = {2016-06},
  journaltitle = {The Annals of Statistics},
  shortjournal = {Ann. Statist.},
  volume = {44},
  pages = {1038--1068},
  issn = {0090-5364},
  doi = {10.1214/15-AOS1397},
  url = {https://projecteuclid.org/euclid.aos/1460381686},
  urldate = {2019-05-23},
  langid = {english},
  number = {3}
}

@article{tibshirani1996,
  title = {Regression Shrinkage and Selection via the Lasso},
  author = {Tibshirani, Robert},
  date = {1996},
  journaltitle = {Journal of the Royal Statistical Society: Series B (Methodological)},
  volume = {58},
  pages = {267--288},
  issn = {0035-9246},
  eprint = {2346178},
  eprinttype = {jstor},
  number = {1}
}

@inproceedings{zeng2014,
  title = {The Atomic Norm Formulation of {{OSCAR}} Regularization with Application to the {{Frank}}-{{Wolfe}} Algorithm},
  booktitle = {2014 22nd {{European Signal Processing Conference}} ({{EUSIPCO}})},
  author = {Zeng, Xiangrong and Figueiredo, Mário A. T.},
  date = {2014-09},
  pages = {780--784},
  publisher = {{IEEE}},
  location = {{Lisbon, Portugal}},
  url = {https://ieeexplore.ieee.org/document/6952255},
  eventtitle = {2014 22nd {{European Signal Processing Conference}} ({{EUSIPCO}})},
  isbn = {978-0-9928626-1-9}
}
% == BibLateX quality report for zeng2014:
% ? Unsure about the formatting of the booktitle


