@Article{CountrJssArticle,
    title = {Flexible Regression Models for Count Data Based on Renewal Processes: The {Countr} Package},
    author = {Tarak Kharrat and Georgi N. Boshnakov and Ian McHale and Rose Baker},
    journal = {Journal of Statistical Software},
    year = {2019},
    volume = {90},
    number = {13},
    pages = {1--35},
    doi = {10.18637/jss.v090.i13},
}
  
@article{baker2016Renewal,
  title={Event Count Distributions from Renewal Processes: Fast Computation of
  Probabilities}, 
  author={Baker, Rose and Kharrat, Tarak},
  year  = {2016},
  url   = {http://arxiv.org/abs/1610.06157}
}

@Manual{Rcore,
  title = {R: A Language and Environment for Statistical Computing},
  author = {{R Core Team}},
  organization = {R Foundation for Statistical Computing},
  address = {Vienna, Austria},
  year = {2016},
  url = {https://www.R-project.org/},
}

@Manual{RpackageCountr,
  title = {Countr: Flexible Univariate Count Models Based on Renewal Processes},
  author = {Tarak Kharrat and Georgi N. Boshnakov},
  year = {2016},
  note = {R package version 3.2.7},
  url = {https://CRAN.R-project.org/package=Countr}
}

@article{winkelmann1995duration,
  title={Duration Dependence and Dispersion in Count-Data Models},
  author={Winkelmann, Rainer},
  journal={Journal of Business \& Economic Statistics},
  volume={13},
  number={4},
  pages={467--474},
  year={1995},
  publisher={Taylor \& Francis}
}

@Book{ggplot2Pkg,
    author = {Hadley Wickham},
    title = {ggplot2: Elegant Graphics for Data Analysis},
    publisher = {Springer-Verlag New York},
    year = {2009},
    isbn = {978-0-387-98140-6},
    url = {http://ggplot2.org},
  }

@Manual{rbench2012,
    title = {rbenchmark: Benchmarking routine for R},
    author = {Wacek Kusnierczyk},
    year = {2012},
    note = {R package version 1.0.0},
    url = {https://CRAN.R-project.org/package=rbenchmark},
  }

@article{baker2017event,
  title={Event count distributions from renewal processes: fast computation of probabilities},
  author={Baker, Rose and Kharrat, Tarak},
  journal={IMA Journal of Management Mathematics},
  year={2017},
  url = {http://dx.doi.org/10.1093/imaman/dpx008},
  publisher={Oxford University Press}
}

@article{mcshane2008count,
  title={Count models based on Weibull interarrival times},
  author={McShane, Blake and Adrian, Moshe and Bradlow, Eric T and Fader, Peter S},
  journal={Journal of Business \& Economic Statistics},
  volume={26},
  number={3},
  pages={369--378},
  year={2008},
  publisher={Taylor \& Francis}
}
