@ARTICLE{lars,
    author = {Bradley Efron and Trevor Hastie and Iain Johnstone and Robert Tibshirani},
    title = {Least angle regression},
    journal = {Annals of Statistics},
    year = {2004},
    volume = {32},
    pages = {407--499}
}

@ARTICLE{lasso,
    author = {Robert Tibshirani},
    title = {Regression Shrinkage and Selection Via the Lasso},
    journal = {Journal of the Royal Statistical Society, Series B},
    year = {1994},
    volume = {58},
    pages = {267--288}
}

@ARTICLE{fused,
    author = {Robert Tibshirani and Michael Saunders and Saharon Rosset and Ji Zhu and Keith Knight},
    title = {Sparsity and smoothness via the fused lasso},
    journal = {Journal of the Royal Statistical Society Series B},
    year = {2005},
    pages = {91--108}
}