% This file was created with JabRef 2.9.2 and manually amended.

@ARTICLE{Anderson01,
  author = {Marti J. Anderson},
  title = {Permutation tests for univariate or multivariate analysis of variance
	and regression},
  journal = {Can. J. Fish Aquatic Scis.},
  year = {2001},
  volume = {58},
  pages = {626-639}
}

@Article{Andrews00,
  author        = {Andrews, Donald W. K.},
  title         = {Inconsistency of the bootstrap when a parameter is on the boundary of the parameter space},
  journal       = {Econometrica},
  year          = {2000},
  volume        = {68},
  number        = {2},
  pages         = {399-405}
}

@ARTICLE{BartonS86,
  author = {N. H. Barton and M. Slatkin},
  title = {A quasi-equilibrium theory of the distribution of rare alleles in
	a subdivided population},
  journal = {Heredity},
  year = {1986},
  volume = {56},
  pages = {409-415}
}

@ARTICLE{BlackK85,
  author = {Black, IV, W. C. and E. S. Krafsur},
  title = {A {FORTRAN} program for the calculation and analysis of two-locus
	linkage disequilibrium coefficients},
  journal = {Theor. Appl. Genetics},
  year = {1985},
  volume = {70},
  pages = {491-496}
}

@ARTICLE{Brookfield96,
  author = {J. F. Y. Brookfield},
  title = {A simple new method for estimating null allele frequency from heterozygote
	deficiency},
  journal = {Mol. Ecol},
  year = {1996},
  volume = {5},
  pages = {453-455}
}

@ARTICLE{BrooksG98,
  author = {Stephen Brooks and Andrew Gelman},
  title = {General methods for monitoring convergence of iterative simulations},
  journal = {J. Comput. Graphical Statistics},
  year = {1998},
  volume = {7},
  pages = {434-455}
}

@ARTICLE{ChakrabortyADB92,
  author = {R. Chakraborty and de Andrade, M. and S.P. Daiger and B. Budowle},
  title = {Apparent heterozygote deficiencies observed in {DNA} typing data
	and their implications in forensic applications},
  journal = {Ann. Hum. Genetics},
  year = {1992},
  volume = {56},
  pages = {45-57},
  clas = {REFB mst},
  kw = {bof}
}

@ARTICLE{Cockerham73,
  author = {C. Clark Cockerham},
  title = {Analyses of gene frequencies},
  journal = {Genetics},
  year = {1973},
  volume = {74},
  pages = {679-700},
  clas = {pdf rsv struc stat},
  kw = {analysis of variance:}
}

@ARTICLE{CockerhamW87,
  author = {C. Clark Cockerham and Bruce S. Weir},
  title = {Correlations, descent measures: drift with migration and mutation},
  journal = {PNAS},
  year = {1987},
  volume = {84},
  pages = {8512-8514},
  clas = {pdf struc},
  kw = {partition of inbreeding: Wright F Fis Fst Nei Gst statistics: identity
	by descent: analysis of variance: hierarchically structured populations:}
}

@BOOK{CoxH74,
  title = {Theoretical statistics},
  publisher = {Chapman \& Hall},
  year = {1974},
  author = {D. R. Cox and D. V. Hinkley},
  address = {London},
  clas = {rsv mst}
}

@ARTICLE{DempsterLR77,
  author = {A. P. Dempster and N. M. Laird and D. B. Rubin},
  title = {Maximum Likelihood from incomplete data via the {{}\em EM} algorithm
	(with discussion)},
  journal = {JRSSB},
  year = {1977},
  volume = {39},
  pages = {1-38},
  clas = {rsv mst},
  kw = {estimation: derivatives of log-likelihood of exponential families}
}

@ARTICLE{DiCiccioE96,
  author = {Thomas J. DiCiccio and Bradley Efron},
  title = {Bootstrap confidence intervals (with discussion)},
  journal ={Stat. Sci.},
  year = {1996},
  volume = {11},
  pages = {189-228},
  clas = {mst},
  kw = {confidence value confidence level: detailed algorithms}
}

@UNPUBLISHED{Phylip,
  author = {J. Felsenstein},
  title = {{PHYLIP} (Phylogeny Inference Package) version 3.6},
  note = {Distributed by the author. Department of Genome Sciences, University
	of Washington, Seattle.},
  year = {2005},
  clas = {refb}
}

@ARTICLE{Fisher35,
  author = {Ronald Aylmer Fisher},
  title = {The logic of inductive inference (with discussion)},
  journal = {JRSS},
  year = {1935},
  volume = {98},
  pages = {39-82},
  note = {Available on the \emph{Collected Papers of R.A. Fisher} website,
	http://www.library.adelaide.edu.au/digitised/fisher/index.html.},
  clas = {rsv mst}
}

@ARTICLE{GarnierD92,
  author = {P. Garnier-G{\'e}r{\'e} and C. Dillmann},
  title = {A computer program for testing pairwise linkage disequilibria in
	subdivided populations},
  journal = {J. Hered.},
  year = {1992},
  volume = {83},
  pages = {239},
  clas = {rsv struc stat}
}

@ARTICLE{Goudet95,
  author = {J. Goudet},
  title = {FSTAT (Version 1.2): A computer program to calculate F-statistics},
  journal = {J. Hered.},
  year = {1995},
  volume = {86},
  pages = {485-486},
  clas = {rsv struc stat}
}

@ARTICLE{GoudetRMR96,
  author = {J{\'e}rome Goudet and Michel Raymond and Thierry de Mee{\"u}s and
	Fran{\c c}ois Rousset},
  title = {Testing differentiation in diploid populations},
  journal = {Genetics},
  year = {1996},
  volume = {144},
  pages = {1931-1938},
  clas = {rsv struc stat}
}

@ARTICLE{GuillotR13,
  author = {Guillot, G. and François Rousset},
  title = {Dismantling the Mantel tests},
  journal = {Methods Ecol. Evol.},
  year = {2013},
  volume = {4},
  pages = {336-344},
  owner = {francois},
  timestamp = {2013.01.09}
}

@ARTICLE{GuoT92,
  author = {Sun Wei Guo and Elizabeth A. Thompson},
  title = {Performing the exact test of {H}ardy-{W}einberg proportion for multiple
	alleles},
  journal = {Biometrics},
  year = {1992},
  volume = {48},
  pages = {361-372},
  clas = {struc stat},
  kw = {Markov chain: metropolis:}
}

@ARTICLE{Haldane54,
  author = {John Burdon Sanderson Haldane},
  title = {An exact test for randomness of mating},
  journal = {Journal of Genetics},
  year = {1954},
  volume = {52},
  pages = {631-635},
  clas = {struc},
  kw = {one tailed:}
}

@BOOK{HartlC2e,
  title = {Principles of population genetics},
  publisher = {Sinauer},
  year = {1989},
  author = {Daniel L. Hartl and Andrew G. Clark},
  address = {Sunderland, Mass.},
  edition = {second},
  clas = {struc stat},
  kw = {identity disequilibrium (topic deleted from 3rd ed)}
}

@ARTICLE{Hastings70,
  author = {W. K. Hastings},
  title = {Monte {C}arlo sampling methods using {M}arkov chains and their applications},
  journal = {Biometrika},
  year = {1970},
  volume = {57},
  pages = {97-109},
  clas = {mst},
  kw = {variance of estimate: Metropolis algorithm: importance sampling}
}

@ARTICLE{KalinowskiT06,
  author = {Steven T. Kalinowski and Mark L. Taper},
  title = {Maximum likelihood estimation of the frequency of null alleles at
	microsatellite loci},
  journal = {Conserv. Genetics},
  year = {2006},
  volume = {7},
  pages = {991-995},
  clas = {rsv mst}
}

@ARTICLE{LebloisER03,
  author = {Raphael Leblois and Arnaud Estoup and Fran{\c c}ois Rousset},
  title = {Influence of mutational and sampling factors on the estimation of
	demographic parameters in a ``continuous'' population under isolation
	by distance},
  journal = {Mol. Biol. Evol.},
  year = {2003},
  volume = {20},
  pages = {491-502},
  clas = {rebf struc stat}
}

@ARTICLE{LebloisX14,
  author = {Leblois, R. and Pudlo, P. and N{\'e}ron, J. and Bertaux, F. and Beeravolu,
	C. R. and Vitalis, R. and Rousset, F},
  title = {Maximum likelihood inference of population size contractions from
	microsatellite data},
  journal = {Mol. Biol. Evol.},
  year = {2014},
  volume = {31},
  pages = {2805-2823},
  owner = {rousset},
  timestamp = {2013.08.30}
}

@ARTICLE{LegendreF10,
  author = {Legendre, Pierre and Fortin, Marie-Josée},
  title = {Comparison of the Mantel test and alternative approaches for detecting
	complex multivariate relationships in the spatial analysis of genetic
	data},
  journal = {Mol. Ecol. Resources},
  year = {2010},
  volume = {10},
  pages = {831-844},
  number = {5},
  month = {Sep},
  clas = {pdf rsv mst}
}

@ARTICLE{LegendreFB15,
  author = {Pierre Legendre and Marie-Josée Fortin and Daniel Borcard},
  title = {Should the Mantel test be used in spatial analysis?},
  journal = {Methods Ecol. Evol.},
  year = {2015},
  volume = {6},
  pages = {1239-1247},
  clas = {rsv mst},
  owner = {rousset},
  timestamp = {2015.12.08}
}

@BOOK{Lehmann94test,
  title = {Testing statistical hypotheses},
  publisher = {Chapman \& Hall},
  year = {1994},
  author = {E. L. Lehmann},
  address = {New York},
  edition = second,
  clas = {mst}
}

@ARTICLE{Levene49,
  author = {Howard Levene},
  title = {On a matching problem arising in genetics},
  journal = {Annals of Mathematical Statistics},
  year = {1949},
  volume = {20},
  pages = {91-94},
  clas = {mst},
  kw = {distribution of number of homozygotes: Fis: factorial moments: asymptotic
	approximation: misclassification:}
}

@ARTICLE{LoiselleSNG95,
  author = {Bette A. Loiselle and Victoria L. Sork and John Nason and Catherine
	Graham},
  title = {Spatial genetic structure of a tropical understory shrub \emph{Psychotria
	officinalis} (Rubiaceae)},
  journal = {Am. J. Bot.},
  year = {1995},
  volume = {82},
  pages = {1420-1425},
  clas = {rsv struc stat},
  kw = {one more staitstic for genetic correlation:}
}

@ARTICLE{LouisD87,
  author = {Edward J. Louis and Everett R. Dempster},
  title = {An exact test for Hardy-Weinberg and multiple alleles},
  journal = {Biometrics},
  year = {1987},
  volume = {43},
  pages = {805-811},
  clas = {rsv struc stat},
  kw = {exact test for Hardy Weinberg:}
}

@ARTICLE{Mantel67,
  author = {Nathan Mantel},
  title = {The detection of disease clustering and a generalized regression
	approach},
  journal = {Cancer Research},
  year = {1967},
  volume = {27},
  pages = {209-220},
  clas = {rsv mst},
  kw = {permutation:}
}

@ARTICLE{MatsumotoN98,
  author = {M. Matsumoto and T. Nishimura},
  title = {Mersenne Twister: A 623-dimensionally equidistributed uniform pseudorandom
	number generator},
  journal = {ACM Trans. on Modeling and Computer Simulation},
  year = {1998},
  volume = {8},
  pages = {3-30},
  clas = {pdf refb rsv mst}
}

@ARTICLE{MehtaP83,
  author = {Cyrus R. Mehta and Nitin R. Patel},
  title = {A network algorithm for performing {F}isher's exact test in $r \times
	c$ contingency tables},
  journal = {JASA},
  year = {1983},
  volume = {78},
  pages = {427-434},
  clas = {rsv mst ct}
}

@ARTICLE{MichalakisE96,
  author = {Yannis Michalakis and Laurent Excoffier},
  title = {A generic estimation of population subdivision using distances between
	alleles with special interest to microsatellite loci},
  journal = {Genetics},
  year = {1996},
  volume = {142},
  pages = {1061-1064},
  clas = {struc stat}
}

@ARTICLE{OdenS92,
  author = {Neal L. Oden and Robert R. Sokal},
  title = {An investigation of three-matrix permutation tests},
  journal = {J. Classif.},
  year = {1992},
  volume = {9},
  pages = {275-290},
  clas = {rsv struc stat},
  kw = {partial Mantel test}
}

@ARTICLE{Ohta82p,
  author = {Tomoko Ohta},
  title = {Linkage disequilibrium due to random genetic drift in finite subdivided
	populations},
  journal = {PNAS},
  year = {1982},
  volume = {79},
  pages = {1940-1944},
  clas = {rsv pg}
}

@ARTICLE{RaufasteR01,
  author = {Nathalie Raufaste and Fran{\c c}ois Rousset},
  title = {Are partial Mantel tests adequate?},
  journal = {Evolution},
  year = {2001},
  volume = {55},
  pages = {1703-1705},
  clas = {rsv struc stat},
  kw = {b\'etisier inclus}
}

@ARTICLE{RaymondR95,
  author = {Michel Raymond and Fran{\c c}ois Rousset},
  title = {{GENEPOP} {V}ersion 1.2: population genetics software for exact tests
	and ecumenicism},
  journal = {J. Hered.},
  year = {1995},
  volume = {86},
  pages = {248-249},
  clas = {struc}
}

@ARTICLE{RaymondR95evol,
  author = {Michel Raymond and Fran{\c c}ois Rousset},
  title = {An exact test for population differentiation},
  journal = {Evolution},
  year = {1995},
  volume = {49},
  pages = {1283-1286},
  clas = {struc stat}
}

@ARTICLE{RobertsonH84,
  author = {Alan Robertson and William G. Hill},
  title = {Deviations from {H}ardy-{W}einberg proportions: sampling variances
	and use in estimation of inbreeding coefficients},
  journal = {Genetics},
  year = {1984},
  volume = {107},
  pages = {703-718},
  clas = {struc},
  kw = {estimation of Fis: MLE of Fis and frequencies by iterative methods:}
}

@INCOLLECTION{Rousset07w,
  author = {François Rousset},
  title = {Inferences from spatial population genetics},
  booktitle = {Handbook of statistical genetics},
  publisher = {Wiley},
  year = {2007},
  editor = {D. J. Balding and M. Bishop and C. Cannings},
  pages = {945-979},
  address = {Chichester, U.K.},
  edition = {third},
  clas = {struc stat}
}

@ARTICLE{Rousset08,
  author = {François Rousset},
  title = {\textsc{Genepop}'007: a complete reimplementation of the \textsc{Genepop}
	software for Windows and Linux},
  journal = {Mol. Ecol. Resources},
  year = {2008},
  volume = {8},
  pages = {103-106}
}

@ARTICLE{Rousset02e,
  author = {François Rousset},
  title = {Partial Mantel tests: reply to Castellano and Balletto},
  journal = {Evolution},
  year = {2002},
  volume = {56},
  pages = {1874-1875},
  clas = {rsv struc mst}
}

@ARTICLE{Rousset02h,
  author = {François Rousset},
  title = {Inbreeding and relatedness coefficients: what do they measure?},
  journal = {Heredity},
  year = {2002},
  volume = {88},
  pages = {371-380},
  clas = {mes publis}
}

@ARTICLE{Rousset00,
  author = {François Rousset},
  title = {Genetic differentiation between individuals},
  journal = {J. Evol. Biol.},
  year = {2000},
  volume = {13},
  pages = {58-62},
  clas = {struc stat},
  kw = {isolation by distance: autocorrelation: kangaroo rat Dipodomys:}
}

@ARTICLE{Rousset99g,
  author = {François Rousset},
  title = {Genetic differentiation within and between two habitats},
  journal = {Genetics},
  year = {1999},
  volume = {151},
  pages = {397-407},
  clas = {struc}
}

@ARTICLE{Rousset97,
  author = {François Rousset},
  title = {Genetic differentiation and estimation of gene flow from $F$-statistics
	under isolation by distance},
  journal = {Genetics},
  year = {1997},
  volume = {145},
  pages = {1219-1228},
  clas = {struc}
}

@ARTICLE{Rousset96,
  author = {François Rousset},
  title = {Equilibrium values of measures of population subdivision for stepwise
	mutation processes},
  journal = {Genetics},
  year = {1996},
  volume = {142},
  pages = {1357-1362},
  clas = {struc}
}

@ARTICLE{RoussetL12,
  author = {François Rousset and Raphaël Leblois},
  title = {Likelihood-based inferences under isolation by distance: two-dimensional
	habitats and confidence intervals},
  journal = {Mol. Biol. Evol.},
  year = {2012},
  volume = {29},
  pages = {957-973},
  owner = {rousset},
  timestamp = {2011.09.07}
}

@ARTICLE{RoussetL07,
  author = {Fran{\c c}ois Rousset and Rapha{\"e}l Leblois},
  title = {Likelihood and approximate likelihood analyses of genetic structure
	in a linear habitat: performance and robustness to model mis-specification},
  journal = {Mol. Biol. Evol.},
  year = {2007},
  volume = {24},
  pages = {2730-2745},
  clas = {mespubs}
}

@ARTICLE{RoussetR97,
  author = {Fran{\c c}ois Rousset and Michel Raymond},
  title = {Statistical analyses of population genetic data: old tools, new concepts},
  journal = {Tr. Ecol. Evol.},
  year = {1997},
  volume = {12},
  pages = {313-317},
  clas = {refb struc stat}
}

@ARTICLE{RoussetR95,
  author = {Fran{\c c}ois Rousset and Michel Raymond},
  title = {Testing heterozygote excess and deficiency},
  journal = {Genetics},
  year = {1995},
  volume = {140},
  pages = {1413-1419},
  clas = {mst}
}

@ARTICLE{Slatkin95,
  author = {Montgomery Slatkin},
  title = {A measure of population subdivision based on microsatellite allele
	frequencies},
  journal = {Genetics},
  year = {1995},
  volume = {139},
  pages = {457-462},
  clas = {struc stat},
  kw = {coalescence:}
}

@BOOK{SwoffordS89,
  title = {BIOSYS-1. A Computer Program for the Analysis of Allelic Variation
	in Population Genetics and Biochemical Systematics. Release 1.7.},
  publisher = {Illinois Natural History Survey},
  year = {1989},
  author = {D. L. Swofford and R. B. Selander},
  address = {Champaign},
  clas = {refb rsv struc stat}
}

@ARTICLE{VekemansH04,
  author = {X. Vekemans and O. J. Hardy},
  title = {New insights from fine-scale spatial genetic structure analyses in
	plant populations},
  journal = {Mol. Ecol.},
  year = {2004},
  volume = {13},
  pages = {921-934},
  clas = {rsv struc stat},
  kw = {review of plant data: selfing and population structure}
}

@ARTICLE{WattsX07,
  author = {Phillip C. Watts and Fran{\c c}ois Rousset and Ilik J. Saccheri and
	Rapha{\"e}l Leblois and Stephen J. Kemp and David J. Thompson},
  title = {Compatible genetic and ecological estimates of dispersal rates in
	insect (\emph{Coenagrion mercuriale}: Odonata: Zygoptera) populations:
	analysis of `neighbourhood size' using a more precise estimator},
  journal = {Mol. Ecol.},
  year = {2007},
  volume = {16},
  pages = {737-751}
}

@BOOK{WeirbkII,
  title = {Genetic Data Analysis II},
  publisher = {Sinauer},
  year = {1996},
  author = {Bruce S. Weir},
  address = {Sunderland, Mass.},	
  clas = {rsv struc stat refb part},
  kw = {forensic testing: linkage: outcrossing}
}

@ARTICLE{WeirC84,
  author = {B. S. Weir and C. Clark Cockerham},
  title = {Estimating $F$-statistics for the analysis of population structure},
  journal = {Evolution},
  year = {1984},
  volume = {38},
  pages = {1358-1370},
  clas = {struc},
  kw = {Fis Fst $\theta$}
}

@ARTICLE{Whitlock05,
  author = {Whitlock, M. C.},
  title = {Combining probability from independent tests: the weighted Z-method
	is superior to Fisher's approach.},
  journal = {J. Evol. Biol.},
  year = {2005},
  volume = {18},
  pages = {1368-1373},
  number = {5},
  month = {Sep},
  clas = {refb mst}
}