@Book{Agre03,
  title = {Categorical Data Analysis},
  author = {Alan Agresti},
  edition = {2nd},
  year = {2003},
  address = {Hoboken, NJ},
  publisher = {John Wiley \& Sons},
}

@Article{AlbeChib93,
  author = {J Albert and S Chib},
  title = {Bayesian Analysis of Binary and Polychotomous Response Data},
  journal = {Journal of the American Statistical Association},
  year = {1993},
  volume = {88},
  pages = {669--79},
  doi = {10.1080/01621459.1993.10476321},
}

@InProceedings{Amda67,
  author = {GM Amdahl},
  title = {Validity of the Single Processor Approach to Achieving Large-Scale Computing Capabilities},
  booktitle = {AFIPS Conference Proceedings},
  year = {1967},
  volume = {30},
  pages = {483--485},
  doi = {10.1145/1465482.1465560},
}

@Article{AndeGill82,
  title = {Cox's Regression Model for Counting Processes: a Large Sample Study},
  author = {Per Kragh Andersen and Richard D Gill},
  journal = {The Annals of Statistics},
  pages = {1100--1120},
  year = {1982},
  publisher = {JSTOR},
  volume = {10},
  number = {4},
  url = {http://www.jstor.org/stable/2240714},
}

@InProceedings{AndeHoff62,
  author = {James P. Anderson and Samuel A. Hoffman and Joseph Shifman and Robert J. Williams},
  title = {D825 - A Multiple-Computer System for Command and Control},
  booktitle = {AFIPS Conference Proceedings},
  year = {1962},
  volume = {24},
  pages = {86--96},
  doi = {10.1145/1461518.1461527},
}

@Article{ArjaHaar87,
  author = {E Arjas and P Haara},
  title = {A Logistic Regression Model for Hazard: Asymptotic Results},
  journal = {Scandinavian Journal of Statistics},
  year = {1987},
  volume = {14},
  number = {1},
  pages = {1--18},
  url = {https://www.jstor.org/stable/4616044},
}

@Book{BaldBrun01,
  author = {P Baldi and S Brunak},
  title = {Bioinformatics: The Machine Learning Approach},
  publisher = {MIT Press},
  year = {2001},
  edition = {2nd},
  address = {Cambridge, MA},
}

@Article{BleiKape14,
  title = {Variable Selection for {BART}: An Application to Gene Regulation},
  author = {Justin Bleich and Adam Kapelner and Edward I George and Shane T Jensen},
  journal = {The Annals of Applied Statistics},
  volume = {8},
  number = {3},
  pages = {1750--1781},
  year = {2014},
  publisher = {Institute of Mathematical Statistics},
  url = {https://www.jstor.org/stable/24522283},
}

@Article{Brei96,
  title = {Bagging Predictors},
  author = {Leo Breiman},
  journal = {Machine Learning},
  volume = {24},
  pages = {123--140},
  year = {1996},
  publisher = {Springer-Verlag},
  address = {New York, NY},
  doi = {10.1023/a:1018054314350},
}

@Article{Brei01,
  title = {Random Forests},
  author = {Leo Breiman},
  journal = {Machine Learning},
  volume = {45},
  pages = {5--32},
  year = {2001},
  publisher = {Springer-Verlag},
  address = {New York, NY},
  doi = {10.1023/a:1010933404324},
}

@InCollection{Byar90,
  title = {The Veterans Administration Study of Chemoprophylaxis for Recurrent Stage I Bladder Tumours: Comparisons of Placebo, Pyridoxine and Topical Thiotepa},
  author = {DP Byar},
  booktitle = {Bladder Tumors and Other Topics in Urological Oncology},
  pages = {363--370},
  year = {1980},
  publisher = {Springer-Verlag},
  address = {Boston, MA},
  doi = {10.1007/978-1-4613-3030-1_74},
}

@Book{Calc10,
  title = {Autotools: A Practitioner's Guide to GNU Autoconf, Automake, and Libtool},
  author = {John Calcote},
  year = {2010},
  publisher = {No Starch Press},
  address = {San Francisco},
}

@Article{ChipGeor98,
  author = {Hugh A. Chipman and Edward I. George and Robert E. McCulloch},
  title = {Bayesian {CART} Model Search},
  journal = {Journal of the American Statistical Association},
  volume = {93},
  number = {443},
  pages = {935--948},
  year = {1998},
  publisher = {Taylor & Francis},
  doi = {10.1080/01621459.1998.10473750},
}

@Article{ChipGeor13,
  title = {Bayesian Regression Structure Discovery},
  author = {Hugh A Chipman and Edward I George and Robert E McCulloch},
  journal = {Bayesian Theory and Applications,(Eds, P. Damien, P. Dellaportas, N. Polson, D. Stephens), Oxford University Press, Oxford, UK},
  year = {2013},
}

@Manual{ChipMcCu16,
  title = {\pkg{BayesTree}: Bayesian Additive Regression Trees},
  author = {H Chipman and RE McCulloch},
  year = {2016},
  note = {\proglang{R}~package version~0.3-1.4},
  url = {https://CRAN.R-project.org/package=BayesTree},
}

@Article{Cox72,
  author = {D. R. Cox},
  journal = {Journal of the Royal Statistical Society B},
  number = {2},
  pages = {187--220},
  publisher = {John Wiley \& Sons},
  title = {Regression Models and Life-Tables (with Discussions)},
  volume = {34},
  year = {1972},
  url = {https://www.jstor.org/stable/2985181},
}

@Article{DaguMeno98,
  title = {OpenMP: An Industry Standard API for Shared-Memory Programming},
  author = {Leonardo Dagum and Ramesh Menon},
  journal = {IEEE Computational Science and Engineering},
  volume = {5},
  number = {1},
  pages = {46--55},
  year = {1998},
  publisher = {IEEE},
  doi = {10.1109/99.660313},
}

@Manual{DaniSing17,
  title = {\pkg{sbart}: Sequential BART for Imputation of Missing Covariates},
  author = {M Daniels and A Singh},
  year = {2018},
  note = {\proglang{R}~package version~0.1.1},
  url = {https://cran.r-project.org/src/contrib/Archive/sbart/},
}

@InProceedings{DelaLind99,
  title = {Diet and Condition of American Alligators in 4 Florida Lakes},
  author = {Michael F Delany and Stephen B Linda and Clinton T Moore},
  booktitle = {Proceedings of the Annual Conference of the Southeastern Association of Fish and Wildlife Agencies},
  pages = {375--389},
  year = {1999},
}

@Article{DeniMall98,
  title = {A Bayesian CART Algorithm},
  author = {David GT Denison and Bani K Mallick and Adrian FM Smith},
  journal = {Biometrika},
  volume = {85},
  number = {2},
  pages = {363--377},
  year = {1998},
  publisher = {Oxford University Press},
  doi = {10.1093/biomet/85.2.363},
}

@Book{Devr86,
  author = {Luc Devroye},
  title = {Non-Uniform Random Variate Generation},
  year = {1986},
  publisher = {Springer-Verlag},
  address = {New York, NY},
  doi = {10.1007/978-1-4613-8643-8},
}

@Book{deWaPann11,
  title = {Handbook of Statistical Data Editing and Imputation},
  author = {Ton {de Waal} and Jeroen Pannekoek and Sander Scholtus},
  year = {2011},
  publisher = {John Wiley \& Sons},
  address = {Hoboken, NJ},
  doi = {10.1002/9780470904848},
}

@Article{ChipGeor10,
  title = {BART: Bayesian Additive Regression Trees},
  author = {Hugh A. Chipman and Edward I. George and Robert E. McCulloch},
  doi = {10.1214/09-aoas285},
  number = {1},
  pages = {266--298},
  journal = {The Annals of Applied Statistics},
  publisher = {The Institute of Mathematical Statistics},
  volume = {4},
  year = {2010},
}

@Article{EddeFran11,
  title = {\pkg{Rcpp}: Seamless \proglang{R} and \proglang{C++} Integration},
  author = {Dirk Eddelbuettel and Romain Francois},
  journal = {Journal of Statistical Software},
  volume = {40},
  number = {8},
  pages = {1--18},
  year = {2011},
  doi = {10.18637/jss.v040.i08},
}

@Article{EfroHast04,
  title = {Least Angle Regression},
  author = {Bradley Efron and Trevor Hastie and Iain Johnstone and Robert Tibshirani},
  journal = {The Annals of Statistics},
  volume = {32},
  number = {2},
  pages = {407--499},
  year = {2004},
  publisher = {Institute of Mathematical Statistics},
  doi = {10.1214/009053604000000067},
}

@Article{EnteCrai18,
  title = {Likelihood Inflating Sampling Algorithm},
  author = {Reihaneh Entezari and Radu V Craiu and Jeffrey S Rosenthal},
  journal = {Canadian Journal of Statistics},
  volume = {46},
  number = {1},
  pages = {147--175},
  year = {2018},
  publisher = {John Wiley \& Sons},
  doi = {10.1002/cjs.11343},
}

@Article{Fahr14,
  author = {Ludwig Fahrmeir},
  title = {Discrete Survival-Time Models},
  journal = {Wiley StatsRef: Statistics Reference Online},
  year = {2014},
  publisher = {John Wiley \& Sons},
  doi = {10.1002/9781118445112.stat06012},
}

@Article{FineGray99,
  title = {A Proportional Hazards Model for the Subdistribution of a Competing Risk},
  author = {Jason P Fine and Robert J Gray},
  journal = {Journal of the American Statistical Association},
  volume = {94},
  number = {446},
  pages = {496-509},
  year = {1999},
  publisher = {Taylor \& Francis Group},
  doi = {10.1080/01621459.1999.10474144},
}

@Article{FreuScha97,
  title = {A Decision-Theoretic Generalization of On-Line Learning and an Application to Boosting},
  author = {Yoav Freund and Robert E Schapire},
  journal = {Journal of Computer and System Sciences},
  volume = {55},
  number = {1},
  pages = {119--139},
  year = {1997},
  publisher = {Elsevier},
  doi = {10.1006/jcss.1997.1504},
}

@Article{Frie91,
  author = {J H Friedman},
  title = {Multivariate Adaptive Regression Splines (with Discussion and a Rejoinder by the Author)},
  journal = {The Annals of Statistics},
  year = {1991},
  volume = {19},
  pages = {1-67},
  url = {http://www.jstor.org/stable/2241837},
}

@Article{Frie01,
  author = {Jerome H. Friedman},
  journal = {The Annals of Statistics},
  number = {5},
  pages = {1189--1232},
  publisher = {Institute of Mathematical Statistics},
  title = {Greedy Function Approximation: A Gradient Boosting Machine},
  volume = {29},
  year = {2001},
  url = {http://www.jstor.org/stable/2699986},
}

@InCollection{FruhFruh10,
  title = {Data Augmentation and {MCMC} for Binary and Multinomial Logit Models},
  author = {Sylvia Fr{\"u}hwirth-Schnatter and Rudolf Fr√ºhwirth},
  booktitle = {Statistical Modelling and Regression Structures},
  pages = {111--132},
  year = {2010},
  publisher = {Springer-Verlag},
  address = {New York, NY},
  doi = {10.1007/978-3-7908-2413-1_7},
}

@InProceedings{GabrFagg04,
  title = {Open MPI: Goals, Concept, and Design of a Next Generation MPI Implementation},
  author = {Edgar Gabriel and Graham E Fagg and George Bosilca and Thara Angskun and Jack J Dongarra and Jeffrey M Squyres and Vishal Sahay and Prabhanjan Kambadur and Brian Barrett and Andrew Lumsdaine and Ralph Castain and David Daniel and Richard Graham and Timothy Woodall},
  booktitle = {European Parallel Virtual Machine/Message Passing Interface Users' Group Meeting},
  pages = {97--104},
  year = {2004},
  organization = {Springer-Verlag},
  address = {Berlin, Heidelberg},
  doi = {10.1007/978-3-540-30218-6_19},
}

@Article{GelfSmit90,
  title = {Sampling-Based Approaches to Calculating Marginal Densities},
  author = {Alan E Gelfand and Adrian FM Smith},
  journal = {Journal of the American Statistical Association},
  volume = {85},
  number = {410},
  pages = {398--409},
  year = {1990},
  publisher = {Taylor \& Francis Group},
  doi = {10.1080/01621459.1990.10476213},
}

@Article{GemaGema84,
  title = {Stochastic Relaxation, {G}ibbs Distributions, and the {B}ayesian Restoration of Images},
  author = {S. Geman and D. Geman},
  journal = {IEEE Transactions on Pattern Analysis and Machine Intelligence},
  volume = {6},
  pages = {721--741},
  year = {1984},
  doi = {10.1109/tpami.1984.4767596},
}

@InBook{Gewe92,
  author = {J Geweke},
  alteditor = {Bernado, JM and Berger, JO and Dawid, AP and Smith, AFM},
  title = {Bayesian Statistics 4},
  chapter = {Evaluating the Accuracy of Sampling-Based Approaches to
     the Calculation of Posterior Moments (With Discussion)},
  publisher = {Oxford University Press},
  year = {1992},
pages={169--193},
  address = {Oxford, UK},
}

@Article{GoneHell05,
  title = {Concordance Probability and Discriminatory Power in Proportional Hazards Regression},
  author = {Mithat G{\"o}nen and Glenn Heller},
  journal = {Biometrika},
  volume = {92},
  number = {4},
  pages = {965--970},
  year = {2005},
  publisher = {Oxford University Press},
  doi = {10.1093/biomet/92.4.965},
}

@Article{GramPols12,
  title = {Simulation-Based Regularized Logistic Regression},
  author = {Robert B Gramacy and Nicholas G Polson},
  journal = {Bayesian Analysis},
  volume = {7},
  number = {3},
  pages = {567--590},
  year = {2012},
  publisher = {International Society for Bayesian Analysis},
  doi = {10.1214/12-ba719},
}

@Article{HahnCarv15,
  author = {PR Hahn and CM Carvalho},
  title = {Decoupling Shrinkage and Selection in {Bayesian} Linear Models: a Posterior Summary Perspective},
  journal = {Journal of the American Statistical Association},
  year = {2015},
  volume = {110},
  pages = {435--448},
  doi = {10.1080/01621459.2014.993077},
  number = {509},
}

@Article{HarrRubi78,
  title = {Hedonic Housing Prices and the Demand for Clean Air},
  author = {David {Harrison Jr} and Daniel L Rubinfeld},
  journal = {Journal of Environmental Economics and Management},
  volume = {5},
  number = {1},
  pages = {81--102},
  year = {1978},
  publisher = {Elsevier},
  doi = {10.1016/0095-0696(78)90006-2},
}

@Article{Hast70,
  author = {WK Hastings},
  title = {Monte Carlo Sampling Methods Using Markov Chains and Their Applications},
  journal = {Biometrika},
  year = {1970},
  volume = {57},
  number = {1},
  pages = {97--109},
  doi = {10.1093/biomet/57.1.97},
}

@Article{HolmHeld06,
  author = {C Holmes and L Held},
  year = {2006},
  title = {Bayesian Auxiliary Variable Models for Binary and Multinomial Regression},
  journal = {Bayesian Analysis},
  volume = {1},
  number = {1},
  pages = {145--168},
  doi = {10.1214/06-ba105},
}

@InBook{IEEE08,
  author = {{Institute of Electrical and Electronics Engineers}},
  optchapter = {IEEE Standard for Floating-Point Arithmetic},
  year = {2008},
pages ={1-70},
publisher={IEEE},
  title = {IEEE Std 754-2008},
doi={10.1109/IEEESTD.2008.4610935}
}

@Article{ImaiVanD05,
  title = {A {B}ayesian Analysis of the Multinomial Probit Model Using Marginal Data Augmentation},
  author = {Kosuke Imai and David A {Van Dyk}},
  journal = {Journal of Econometrics},
  volume = {124},
  number = {2},
  pages = {311--334},
  year = {2005},
  publisher = {Elsevier},
  doi = {10.1016/j.jeconom.2004.02.002},
}

@Article{IshwGerd14,
  title = {Random Survival Forests for Competing Risks},
  author = {Hemant Ishwaran and Thomas A Gerds and Udaya B Kogalur and Richard D Moore and Stephen J Gange and Bryan M Lau},
  journal = {Biostatistics},
  volume = {15},
  number = {4},
  pages = {757--773},
  year = {2014},
  publisher = {Oxford University Press},
  doi = {10.1093/biostatistics/kxu010},
}

@Book{JohnKotz95,
  title = {Continuous Univariate Distributions},
  author = {Norman Lloyd Johnson and Samuel Kotz and Narayanaswamy Balakrishnan},
  volume = {2},
  year = {1995},
  edition = {2nd},
  publisher = {John Wiley \& Sons},
  address = {New York},
}

@Book{KalbPren80,
  author = {JD Kalbfleisch and RL Prentice},
  title = {The Statistical Analysis of Failure Time Data},
  chapter = {9},
  publisher = {John Wiley \& Sons},
  address = {Hoboken, NJ},
  year = {1980},
  edition = {1st},
}

@Book{KalbPren02,
  author = {JD Kalbfleisch and RL Prentice},
  title = {The Statistical Analysis of Failure Time Data},
  chapter = {9},
  publisher = {John Wiley \& Sons},
  address = {Hoboken, NJ},
  year = {2002},
  edition = {2nd},
  doi = {10.1002/9781118032985},
}

@Manual{KapeBlei16,
  title = {\pkg{bartMachine}: Machine Learning with {B}ayesian Additive Regression Trees},
  author = {Adam Kapelner and Justin Bleich},
  journal = {Journal of Statistical Software},
  year = {2016},
  volume = {70},
  number = {4},
  pages = {1--40},
  doi = {10.18637/jss.v070.i04},
}

@Article{KindWang16,
  title = {Multinomial Probit {Bayesian Additive Regression Trees}},
  author = {Bereket P Kindo and Hao Wang and Edsel A Pe{\~n}a},
  journal = {Stat},
  volume = {5},
  number = {1},
  pages = {119--131},
  year = {2016},
  publisher = {John Wiley \& Sons},
  doi = {10.1002/sta4.110},
}

@Book{KleiMoes06,
  title = {Survival Analysis: Techniques for Censored and Truncated Data},
  author = {John P Klein and Melvin L Moeschberger},
  year = {2003},
  edition = {2nd},
  publisher = {Springer-Verlag},
  address = {New York, NY},
  doi = {10.1007/b97377},
}

@Article{KrogSoli97,
  author = {A Krogh and P Solich},
  title = {Statistical Mechanics of Ensemble Learning},
  journal = {Physical Review E},
  year = {1997},
  volume = {55},
  number = {1},
  pages = {811--825},
  doi = {10.1103/physreve.55.811},
}

@Book{KuhnJohn13,
  author = {M Kuhn and K Johnson},
  title = {Applied Predictive Modeling},
  publisher = {Springer-Verlag},
  year = {2013},
  address = {New York, NY},
  doi = {10.1007/978-1-4614-6849-3},
}

@Article{Line16,
  author = {A. Linero},
  year = {2018},
  title = {Bayesian Regression Trees for High Dimensional Prediction and Variable Selection},
  journal = {Journal of the American Statistical Association},
  volume = {113},
  number = {522},
  pages = {626--636},
  doi = {10.1080/01621459.2016.1264957},
}

@Article{LoprLaur94,
  title = {Prospective Evaluation of Prognostic Variables from Patient-Completed Questionnaires. North Central Cancer Treatment Group.},
  author = {Charles Lawrence Loprinzi and John A Laurie and H Sam Wieand and James E Krook and Paul J Novotny and John W Kugler and Joan Bartel and Marlys Law and Marilyn Bateman and Nancy E Klatt},
  journal = {Journal of Clinical Oncology},
  volume = {12},
  number = {3},
  pages = {601--607},
  year = {1994},
}

@Article{Lync65,
  author = {JT Lynch},
  title = {The Burroughs B8500},
  journal = {Datamation},
  year = {1965},
  pages = {49--50},
}

@Misc{McCuCarv15,
  author = {RE McCulloch and C Carvalho and R Hahn},
  title = {A General Approach to Variable Selection Using {Bayesian} Nonparametric Models},
  year = {2015},
  note = {Joint Statistical Meetings, Seattle, 08/09/15-08/13/15},
}

@Article{McCuPols00,
  title = {A {B}ayesian Analysis of the Multinomial Probit Model with Fully Identified Parameters},
  author = {Robert E McCulloch and Nicholas G Polson and Peter E Rossi},
  journal = {Journal of Econometrics},
  volume = {99},
  number = {1},
  pages = {173--193},
  year = {2000},
  publisher = {Elsevier},
  doi = {10.1016/s0304-4076(00)00034-8},
}

@Article{McCuRoss94,
  title = {An Exact Likelihood Analysis of the Multinomial Probit Model},
  author = {Robert McCulloch and Peter E Rossi},
  journal = {Journal of Econometrics},
  volume = {64},
  number = {1},
  pages = {207--240},
  year = {1994},
  publisher = {Elsevier},
  doi = {10.1016/0304-4076(94)90064-7},
}

@Manual{McCuSpar18,
  title = {\pkg{BART}: Bayesian Additive Regression Trees},
  author = {RE McCulloch and RA Sparapani and R Gramacy and C Spanbauer and M Pratola},
  year = {2020},
  note = {\proglang{R}~package version~2.8},
  url = {https://CRAN.R-project.org/package=BART},
}

@Article{MetrRose53,
  title = {Equation of State Calculations by Fast Computing Machines},
  author = {Nicholas Metropolis and Arianna W Rosenbluth and Marshall N Rosenbluth and Augusta H Teller and Edward Teller},
  journal = {The Journal of Chemical Physics},
  volume = {21},
  number = {6},
  pages = {1087--1092},
  year = {1953},
  publisher = {AIP},
  doi = {10.1063/1.1699114},
}

@TechReport{Muel91,
  author = {P Mueller},
  title = {A Generic Approach to Posterior Integration and {G}ibbs Sampling},
  institution = {Purdue University},
  year = {1991},
  number = {91-09},
  address = {West Lafayette, Indiana},
  url = {http://www.stat.purdue.edu/research/technical_reports/pdfs/1991/tr91-09.pdf},
}

@TechReport{Muel93,
  author = {P Mueller},
  title = {Alternatives to the {G}ibbs Sampling Scheme},
  institution = {Institute of Statistics and Decision Sciences, Duke University},
  year = {1993},
  address = {Durham, North Carolina},
}

@article{Murr20,
author = {Jared S. Murray},
title = {Log-Linear Bayesian Additive Regression Trees for Multinomial Logistic and Count Regression Models},
journal = {Journal of the American Statistical Association},
volume = {(ahead of print)},
pages = {1-35},
year  = {2020},
publisher = {Taylor & Francis},
doi = {10.1080/01621459.2020.1813587}
}

@Unpublished{Murr17,
  title = {Log-Linear Bayesian Additive Regression Trees for Categorical and Count Responses},
  author = {Jared S Murray},
  note = {{arXiv}:1701.01503 [stat.ME]},
  url = {https://arxiv.org/abs/1701.01503},
  pages = {1--46},
  year = {2017},
}

@Article{NicovanH10,
  title = {Vertical Modeling: A Pattern Mixture Approach for Competing Risks Modeling},
  author = {MA Nicolaie and Hans C {van Houwelingen} and Hein Putter},
  journal = {Statistics in Medicine},
  volume = {29},
  number = {11},
  pages = {1190--1205},
  year = {2010},
  publisher = {John Wiley \& Sons},
  doi = {10.1002/sim.3844},
}

@Article{PlumBest06,
  title = {CODA: Convergence Diagnosis and Output Analysis for MCMC},
  author = {Martyn Plummer and Nicky Best and Kate Cowles and Karen Vines},
  journal = {\proglang{R} News},
  year = {2006},
  volume = {6},
  number = {1},
  pages = {7--11},
  url = {https://cran.r-project.org/doc/Rnews/Rnews_2006-1.pdf},
 OPTURL={https://cran.r-project.org/doc/Rnews}
}

@Article{Prat16,
  title = {Efficient Metropolis--Hastings Proposal Mechanisms for Bayesian Regression Tree Models},
  author = {Matthew T Pratola},
  journal = {Bayesian Analysis},
  volume = {11},
  number = {3},
  pages = {885--911},
  year = {2016},
  publisher = {International Society for Bayesian Analysis},
  doi = {10.1214/16-ba999},
}

@Article{PratChip14,
  title = {Parallel Bayesian Additive Regression Trees},
  author = {Matthew T Pratola and Hugh A Chipman and James R Gattiker and David M Higdon and Robert McCulloch and William N Rust},
  journal = {Journal of Computational and Graphical Statistics},
  volume = {23},
  number = {3},
  pages = {830--852},
  year = {2014},
  publisher = {Taylor \& Francis},
  doi = {10.1080/10618600.2013.841584},
}

@Manual{RCor17,
  title = {\pkg{Mathlib}: A \proglang{C} Library of Special Functions},
  author = {{\proglang{R} Core Team}},
  organization = {\proglang{R} Foundation for Statistical Computing},
  address = {Vienna, Austria},
  year = {2017},
  opturl = {https://CRAN.R-project.org/doc/manuals/r-release/R-admin.html#The-standalone-Rmath-library},
url={https://cran.r-project.org/doc/manuals/r-release/R-admin.html}
}

@Manual{RCor18,
  title = {\proglang{R}: A Language and Environment for Statistical Computing},
  author = {{\proglang{R} Core Team}},
  organization = {\proglang{R} Foundation for Statistical Computing},
  address = {Vienna, Austria},
  year = {2020},
  url = {https://www.R-project.org/},
}

@Book{Ripl07,
  title = {Pattern Recognition and Neural Networks},
  author = {Brian D Ripley},
  year = {2007},
  publisher = {Cambridge University press},
}

@Article{Robe95,
  title = {Simulation of Truncated Normal Variables},
  author = {Christian P Robert},
  journal = {Statistics and Computing},
  volume = {5},
  number = {2},
  pages = {121--125},
  year = {1995},
  publisher = {Springer-Verlag},
  address = {New York, NY},
  doi = {10.1007/bf00143942},
}

@book{RobeCase13,
  title={Monte Carlo statistical methods},
  author={Robert, Christian and Casella, George},
  year={2013},
  publisher = {Springer-Verlag},
  address = {New York, NY}
}

@Article{RossTier07,
  title = {Simple Parallel Statistical Computing in \proglang{R}},
  author = {Anthony J Rossini and Luke Tierney and Na Li},
  journal = {Journal of Computational and Graphical Statistics},
  volume = {16},
  number = {2},
  pages = {399--420},
  year = {2007},
  publisher = {Taylor \& Francis},
  doi = {10.1198/106186007x178979},
}

@Article{Scot11,
  title = {Data Augmentation, Frequentist Estimation, and the {B}ayesian Analysis of Multinomial Logit Models},
  author = {Steven L Scott},
  journal = {Statistical Papers},
  volume = {52},
  number = {1},
  pages = {87--109},
  year = {2011},
  address = {New York, NY},
  publisher = {Springer-Verlag},
  doi = {10.1007/s00362-009-0205-0},
}

@Book{Silv86,
  author = {BW Silverman},
  title = {Density Estimation for Statistics and Data Analysis},
  publisher = {Chapman and Hall},
  year = {1986},
  address = {London},
}

@Article{SparLoga16,
  title = {Nonparametric Survival Analysis Using {Bayesian Additive Regression Trees (BART)}},
  author = {Rodney A Sparapani and Brent R Logan and Robert E McCulloch and Purushottam W Laud},
  journal = {Statistics in Medicine},
  volume = {35},
  number = {16},
  pages = {2741--2753},
  year = {2016},
  publisher = {John Wiley \& Sons},
  optdoi = {10.1002/sim.6893 DOI BROKEN},
url={https://onlinelibrary.wiley.com/doi/10.1002/sim.6893}
}

@Article{SparLoga19,
  title = {Nonparametric Competing Risks Analysis Using {Bayesian Additive Regression Trees (BART)}},
  author = {Rodney Sparapani and Brent R Logan and Robert E McCulloch and Purushottam W Laud},
  journal = {Statistical Methods in Medical Research},
  volume = {29},
  number = {1},
  pages = {57--77},
  year = {2020},
  doi = {10.1177/0962280218822140},
}

@Article{SparRein18,
  author = {R Sparapani and L Rein and S Tarima and T Jackson and J Meurer},
  title = {Non-Parametric Recurrent Events Analysis with {BART} and an Application to the Hospital Admissions of Patients with Diabetes},
  journal = {Biostatistics},
  volume = {21},
  number = {1},
  pages = {69-85},
  year = {2020},
  doi = {10.1093/biostatistics/kxy032},
}

@Article{Thom77,
  author = {WA {Thompson Jr.}},
  title = {On the Treatment of Grouped Observations in Life Studies},
  journal = {Biometrics},
  year = {1977},
  volume = {33},
  number = {3},
  pages = {463--470},
  doi = {10.2307/2529360},
}

@Manual{TierRoss16,
  title = {\pkg{snow}: Simple Network of Workstations},
  author = {L Tierney and AJ Rossini and N Li and H Sevcikova},
  year = {2018},
  note = {\proglang{R}~package version~0.4-3},
  url = {https://CRAN.R-project.org/package=snow},
}

@Manual{Urba17,
  title = {\pkg{rJava}: Low-Level \proglang{R} to \proglang{Java} Interface},
  author = {S Urbanek},
  year = {2020},
  note = {\proglang{R}~package version~0.9-13},
  url = {https://CRAN.R-project.org/package=rJava},
}

@Book{VenaRipl13,
  title = {Modern Applied Statistics with \proglang{S}},
  author = {W. N. Venables and B. D. Ripley},
  publisher = {Springer},
  edition = {4},
  address = {New York, NY},
  year = {2002},
  url = {http://www.stats.ox.ac.uk/pub/MASS4},
}

@Article{WalkDong96,
  title = {MPI: A Standard Message Passing Interface},
  author = {David W Walker and Jack J Dongarra},
  journal = {Supercomputer},
  volume = {12},
  pages = {56--68},
  year = {1996},
  publisher = {ASFRA BV},
}

@Article{WeiLin89,
  title = {Regression Analysis of Multivariate Incomplete Failure Time Data by Modeling Marginal Distributions},
  author = {Lee-Jen Wei and Danyu Y Lin and Lisa Weissfeld},
  journal = {Journal of the American Statistical Association},
  volume = {84},
  number = {408},
  pages = {1065--1073},
  year = {1989},
  publisher = {Taylor \& Francis},
  doi = {10.1080/01621459.1989.10478873},
}

@Article{WuTjel07,
  title = {Bayesian {CART}: Prior Specification and Posterior Simulation},
  author = {Yuhong Wu and H\aakon Tjelmeland and Mike West},
  journal = {Journal of Computational and Graphical Statistics},
  volume = {16},
  number = {1},
  pages = {44--66},
  year = {2007},
  publisher = {Taylor \& Francis},
  doi = {10.1198/106186007x180426},
}

@Article{XuDani16,
  title = {Sequential {BART} for Imputation of Missing Covariates},
  author = {Dandan Xu and Michael J Daniels and Almut G Winterstein},
  journal = {Biostatistics},
  volume = {17},
  number = {3},
  pages = {589--602},
  year = {2016},
  publisher = {Oxford University Press},
  doi = {10.1093/biostatistics/kxw009},
}

@Article{Yu17,
  title = {\pkg{Rmpi}: Parallel Statistical Computing in \proglang{R}},
  author = {Hao Yu},
  journal = {\proglang{R} News},
  year = {2002},
  volume = {2},
  number = {2},
  pages = {10--14},
  opturl = {https://cran.r-project.org/doc/Rnews/},
url={https://cran.r-project.org/doc/Rnews/Rnews_2002-2.pdf}
}
