@article{hsmuce,
    title = {Heterogeneous change point inference},
    author = {F. Pein and H. Sieling and A. Munk},
    year = {2017},
    journal={J. Roy. Statist. Soc. Ser. B},
    volume = {79},
    pages = {1207--1227},
    number = {4}
}

@article{smuce,
  author = {K. Frick and A. Munk and H. Sieling},
  title = {{Multiscale change-point inference. With discussion and rejoinder
	by the authors}},
  journal = {J. Roy. Statist. Soc. Ser. B},
  year = {2014},
  volume = {76},
  pages = {495--580},
  number = {3}
}