@article{stanfill2013,
  title={Point Estimation of the Central Orientation of Random Rotations},
  author={Stanfill, Bryan and Genschel, Ulrike and Hofmann, Heike},
  journal={Technometrics},
  volume={55},
  number={4},
  pages={524--535},
  year={2013},
  publisher={Taylor \& Francis Group}
}


@article{moakher02,
  title = {Means and averaging in the group of rotations},
  author = {M. Moakher},
  journal = {SIAM Journal on Matrix Analysis and Applications},
  volume = {24},
  number = {1},
  pages = {1--16},
  year = {2002},
  publisher = {Citeseer},
}

@article{Schaeben1997,
  title = {A Simple Standard Orientation Density Function: The Hyperspherical de la Vallee Poussin Kernel},
  author = {H. Schaeben},
  journal = {Physica Status Solidi (B)},
  volume = {200},
  pages = {367--376},
  year = {1997},
}

@article{leon2006,
  title = {A statistical model for random rotations},
  author = {C.A. Leon and J.C. Mass e and L.P. Rivest},
  journal = {Journal of Multivariate Analysis},
  volume = {97},
  number = {2},
  pages = {412--430},
  year = {2006},
  publisher = {Elsevier},
}

@inproceedings{hartley11,
  title = {L1 rotation averaging using the Weiszfeld algorithm},
  author = {R. Hartley and K. Aftab and J. Trumpf},
  booktitle = {2011 IEEE Conference on Computer Vision and Pattern Recognition (CVPR)},
  pages = {3041--3048},
  year = {2011},
  organization = {IEEE},
}

@inproceedings{manton04,
  title={A globally convergent numerical algorithm for computing the centre of mass on compact Lie groups},
  author={Manton, Jonathan H},
  booktitle={Control, Automation, Robotics and Vision Conference, 2004. ICARCV 2004 8th},
  volume={3},
  pages={2211--2216},
  year={2004},
  organization={IEEE}
}

@book{mardia2000,
  title={Directional statistics.},
  year={2000},
  author={Mardia, KV and Jupp, PE},
  publisher={John Wiley \& Sons},
  address={Chichester, England}
}

@book{wickham09,
  author = {Hadley Wickham},
  title = {ggplot2: elegant graphics for data analysis},
  publisher = {Springer New York},
  year = {2009},
  isbn = {978-0-387-98140-6},
  url = {http://had.co.nz/ggplot2/book},
}

@article{gramkow01,
  title = {On averaging rotations},
  author = {C. Gramkow},
  journal = {Journal of Mathematical Imaging and Vision},
  volume = {15},
  number = {1},
  pages = {7--16},
  year = {2001},
  publisher = {Springer},
}

@book{morawiec04,
  title = {Orientations and rotations: computations in crystallographic textures},
  author = {A. Morawiec},
  year = {2004},
  publisher = {Springer Verlag},
}

@article{bingham09,
  title={Modeling and Inference for Measured Crystal Orientations and a Tractable Class of Symmetric Distributions for Rotations in three Dimensions},
  author={Bingham, M.A. and Nordman, D.J. and Vardeman, S.B.},
  journal={Journal of the American Statistical Association},
  volume={104},
  number={488},
  pages={1385--1397},
  year={2009},
  publisher={ASA}
}

@article{bingham2009b,
  title={Bayes one-sample and one-way random effects analyses for 3-D orientations with application to materials science},
  author={Bingham, Melissa A and Vardeman, Stephen B and Nordman, Daniel J},
  journal={Bayesian Analysis},
  volume={4},
  number={3},
  pages={607--629},
  year={2009},
  publisher={International Society for Bayesian Analysis}
}


@article{bingham2010,
  title={Finite-sample investigation of likelihood and Bayes inference for the symmetric von Mises--Fisher distribution},
  author={Bingham, Melissa A and Nordman, Daniel J and Vardeman, Stephen B},
  journal={Computational Statistics \& Data Analysis},
  volume={54},
  number={5},
  pages={1317--1327},
  year={2010},
  publisher={Elsevier}
}

@article{rancourt2000,
  title={Using orientation statistics to investigate variations in human kinematics},
  author={Rancourt, D. and Rivest, L.P. and Asselin, J.},
  journal={Journal of the Royal Statistical Society: Series C (Applied Statistics)},
  volume={49},
  number={1},
  pages={81--94},
  year={2000},
  publisher={Wiley Online Library}
}

@article{fisher1996,
  title={Improved pivotal methods for constructing confidence regions with directional data},
  author={Fisher, N.I. and Hall, P. and Jing, B.Y. and Wood, A.T.A.},
  journal={Journal of the American Statistical Association},
  volume={91},
  number={435},
  pages={1062--1070},
  year={1996},
  publisher={Taylor \& Francis Group}
}

@article{tyler1981,
  title={Asymptotic inference for eigenvectors},
  author={Tyler, David E},
  journal={The Annals of Statistics},
  volume={9},
  number={4},
  pages={725--736},
  year={1981},
  publisher={Institute of Mathematical Statistics}
}

@article{prentice1986,
  title={Orientation statistics without parametric assumptions},
  author={Prentice, M.J.},
  journal={Journal of the Royal Statistical Society. Series B (Methodological)},
  volume={48},
  number={2},
  pages={214--222},
  year={1986},
  publisher={Royal Statistical Society}
}

@article{chang2001,
  title={M-estimation for location and regression parameters in group models: A case study using Stiefel manifolds},
  author={Chang, Ted and Rivest, Louis-Paul},
  journal={Annals of statistics},
  volume={29},
  number={3},
  pages={784--814},
  year={2001},
  publisher={Institute of Mathematical Statistics}
}