%% This BibTeX bibliography file was created using BibDesk.
%% http://bibdesk.sourceforge.net/

@article{sun2017dirichlet,
  title={A Dirichlet process mixture model for clustering longitudinal gene expression data},
  author={Sun, Jiehuan and Herazo-Maya, Jose D and Kaminski, Naftali and Zhao, Hongyu and Warren, Joshua L},
  journal={Statistics in Medicine},
  volume={36},
  number={22},
  pages={3495--3506},
  year={2017},
  publisher={Wiley Online Library}
}