@article{2011arXiv1112.3914L,
   author = {{Lerasle}, M. and {Oliveira}, R.~I.},
    title = "{Robust empirical mean Estimators}",
  journal = {ArXiv e-prints},
archivePrefix = "arXiv",
   eprint = {1112.3914},
 primaryClass = "math.ST",
 keywords = {Mathematics - Statistics Theory},
     year = 2011,
    month = dec
}

@article{2014arXiv1409.5937F,
   author = {{Feng}, J. and {Xu}, H. and {Mannor}, S.},
    title = "{Distributed Robust Learning}",
  journal = {ArXiv e-prints},
archivePrefix = "arXiv",
   eprint = {1409.5937},
 primaryClass = "stat.ML",
 keywords = {Statistics - Machine Learning, Computer Science - Machine Learning},
     year = 2014,
    month = sep
}

@article{2013arXiv1308.1334M,
   author = {{Minsker}, S.},
    title = "{Geometric median and robust estimation in Banach spaces}",
  journal = {ArXiv e-prints},
archivePrefix = "arXiv",
   eprint = {1308.1334},
 primaryClass = "math.ST",
 keywords = {Mathematics - Statistics Theory},
     year = 2013,
    month = aug
}

@article{karcher_riemannian_1977,
	title = {Riemannian center of mass and mollifier smoothing},
	volume = {30},
	issn = {00103640, 10970312},
	doi = {10.1002/cpa.3160300502},
	language = {en},
	number = {5},
	journal = {Communications on Pure and Applied Mathematics},
	author = {Karcher, H.},
	month = sep,
	year = {1977},
	pages = {509--541}
}

@article{kendall_probability_1990,
	title = {Probability, {Convexity}, and {Harmonic} {Maps} with {Small} {Image} {I}: {Uniqueness} and {Fine} {Existence}},
	volume = {s3-61},
	issn = {00246115},
	shorttitle = {Probability, {Convexity}, and {Harmonic} {Maps} with {Small} {Image} {I}},
	doi = {10.1112/plms/s3-61.2.371},
	language = {en},
	number = {2},
	journal = {Proceedings of the London Mathematical Society},
	author = {Kendall, Wilfrid S.},
	month = sep,
	year = {1990},
	pages = {371--406}
}

@article{afsari_convergence_2013,
	title = {On the {Convergence} of {Gradient} {Descent} for {Finding} the {Riemannian} {Center} of {Mass}},
	volume = {51},
	issn = {0363-0129, 1095-7138},
	doi = {10.1137/12086282X},
	language = {en},
	number = {3},
	journal = {SIAM Journal on Control and Optimization},
	author = {Afsari, Bijan and Tron, Roberto and Vidal, Ren√©},
	month = jan,
	year = {2013},
	pages = {2230--2260}
}

@article{aftab_generalized_2015,
  title = {Generalized {Weiszfeld} {Algorithms} for {Lq} {Optimization}},
  volume = {37},
  issn = {0162-8828, 2160-9292},
  doi = {10.1109/TPAMI.2014.2353625},
  number = {4},
  journal = {IEEE Transactions on Pattern Analysis and Machine Intelligence},
  author = {Aftab, Khurrum and Hartley, Richard and Trumpf, Jochen},
  month = apr,
  year = {2015},
  pages = {728--745}
}

@article{fletcher_geometric_2009,
  title = {The geometric median on {Riemannian} manifolds with application to robust atlas estimation},
  volume = {45},
  issn = {10538119},
  doi = {10.1016/j.neuroimage.2008.10.052},
  language = {en},
  number = {1},
  journal = {NeuroImage},
  author = {Fletcher, P. Thomas and Venkatasubramanian, Suresh and Joshi, Sarang},
  month = mar,
  year = {2009},
  pages = {S143--S152}
}